%YAML 1.1
%TAG !u! tag:unity3d.com,2011:
--- !u!29 &1
OcclusionCullingSettings:
  m_ObjectHideFlags: 0
  serializedVersion: 2
  m_OcclusionBakeSettings:
    smallestOccluder: 5
    smallestHole: 0.25
    backfaceThreshold: 100
  m_SceneGUID: 00000000000000000000000000000000
  m_OcclusionCullingData: {fileID: 0}
--- !u!104 &2
RenderSettings:
  m_ObjectHideFlags: 0
  serializedVersion: 9
  m_Fog: 0
  m_FogColor: {r: 0.5, g: 0.5, b: 0.5, a: 1}
  m_FogMode: 3
  m_FogDensity: 0.01
  m_LinearFogStart: 0
  m_LinearFogEnd: 300
  m_AmbientSkyColor: {r: 0.212, g: 0.227, b: 0.259, a: 1}
  m_AmbientEquatorColor: {r: 0.114, g: 0.125, b: 0.133, a: 1}
  m_AmbientGroundColor: {r: 0.047, g: 0.043, b: 0.035, a: 1}
  m_AmbientIntensity: 1
  m_AmbientMode: 3
  m_SubtractiveShadowColor: {r: 0.42, g: 0.478, b: 0.627, a: 1}
  m_SkyboxMaterial: {fileID: 0}
  m_HaloStrength: 0.5
  m_FlareStrength: 1
  m_FlareFadeSpeed: 3
  m_HaloTexture: {fileID: 0}
  m_SpotCookie: {fileID: 10001, guid: 0000000000000000e000000000000000, type: 0}
  m_DefaultReflectionMode: 0
  m_DefaultReflectionResolution: 128
  m_ReflectionBounces: 1
  m_ReflectionIntensity: 1
  m_CustomReflection: {fileID: 0}
  m_Sun: {fileID: 0}
  m_IndirectSpecularColor: {r: 0, g: 0, b: 0, a: 1}
  m_UseRadianceAmbientProbe: 0
--- !u!157 &3
LightmapSettings:
  m_ObjectHideFlags: 0
  serializedVersion: 11
  m_GIWorkflowMode: 1
  m_GISettings:
    serializedVersion: 2
    m_BounceScale: 1
    m_IndirectOutputScale: 1
    m_AlbedoBoost: 1
    m_EnvironmentLightingMode: 0
    m_EnableBakedLightmaps: 0
    m_EnableRealtimeLightmaps: 0
  m_LightmapEditorSettings:
    serializedVersion: 12
    m_Resolution: 2
    m_BakeResolution: 40
    m_AtlasSize: 1024
    m_AO: 0
    m_AOMaxDistance: 1
    m_CompAOExponent: 1
    m_CompAOExponentDirect: 0
    m_ExtractAmbientOcclusion: 0
    m_Padding: 2
    m_LightmapParameters: {fileID: 0}
    m_LightmapsBakeMode: 1
    m_TextureCompression: 1
    m_FinalGather: 0
    m_FinalGatherFiltering: 1
    m_FinalGatherRayCount: 256
    m_ReflectionCompression: 2
    m_MixedBakeMode: 2
    m_BakeBackend: 1
    m_PVRSampling: 1
    m_PVRDirectSampleCount: 32
    m_PVRSampleCount: 512
    m_PVRBounces: 2
    m_PVREnvironmentSampleCount: 256
    m_PVREnvironmentReferencePointCount: 2048
    m_PVRFilteringMode: 1
    m_PVRDenoiserTypeDirect: 1
    m_PVRDenoiserTypeIndirect: 1
    m_PVRDenoiserTypeAO: 1
    m_PVRFilterTypeDirect: 0
    m_PVRFilterTypeIndirect: 0
    m_PVRFilterTypeAO: 0
    m_PVREnvironmentMIS: 1
    m_PVRCulling: 1
    m_PVRFilteringGaussRadiusDirect: 1
    m_PVRFilteringGaussRadiusIndirect: 5
    m_PVRFilteringGaussRadiusAO: 2
    m_PVRFilteringAtrousPositionSigmaDirect: 0.5
    m_PVRFilteringAtrousPositionSigmaIndirect: 2
    m_PVRFilteringAtrousPositionSigmaAO: 1
    m_ExportTrainingData: 0
    m_TrainingDataDestination: TrainingData
    m_LightProbeSampleCountMultiplier: 4
  m_LightingDataAsset: {fileID: 0}
  m_UseShadowmask: 1
--- !u!196 &4
NavMeshSettings:
  serializedVersion: 2
  m_ObjectHideFlags: 0
  m_BuildSettings:
    serializedVersion: 2
    agentTypeID: 0
    agentRadius: 0.5
    agentHeight: 2
    agentSlope: 45
    agentClimb: 0.4
    ledgeDropHeight: 0
    maxJumpAcrossDistance: 0
    minRegionArea: 2
    manualCellSize: 0
    cellSize: 0.16666667
    manualTileSize: 0
    tileSize: 256
    accuratePlacement: 0
    debug:
      m_Flags: 0
  m_NavMeshData: {fileID: 0}
--- !u!1 &4055512
GameObject:
  m_ObjectHideFlags: 0
  m_CorrespondingSourceObject: {fileID: 0}
  m_PrefabInstance: {fileID: 0}
  m_PrefabAsset: {fileID: 0}
  serializedVersion: 6
  m_Component:
  - component: {fileID: 4055515}
  - component: {fileID: 4055514}
  - component: {fileID: 4055513}
  m_Layer: 0
  m_Name: EventSystem
  m_TagString: Untagged
  m_Icon: {fileID: 0}
  m_NavMeshLayer: 0
  m_StaticEditorFlags: 0
  m_IsActive: 1
--- !u!114 &4055513
MonoBehaviour:
  m_ObjectHideFlags: 0
  m_CorrespondingSourceObject: {fileID: 0}
  m_PrefabInstance: {fileID: 0}
  m_PrefabAsset: {fileID: 0}
  m_GameObject: {fileID: 4055512}
  m_Enabled: 1
  m_EditorHideFlags: 0
  m_Script: {fileID: 11500000, guid: 4f231c4fb786f3946a6b90b886c48677, type: 3}
  m_Name: 
  m_EditorClassIdentifier: 
  m_HorizontalAxis: Horizontal
  m_VerticalAxis: Vertical
  m_SubmitButton: Submit
  m_CancelButton: Cancel
  m_InputActionsPerSecond: 10
  m_RepeatDelay: 0.5
  m_ForceModuleActive: 0
--- !u!114 &4055514
MonoBehaviour:
  m_ObjectHideFlags: 0
  m_CorrespondingSourceObject: {fileID: 0}
  m_PrefabInstance: {fileID: 0}
  m_PrefabAsset: {fileID: 0}
  m_GameObject: {fileID: 4055512}
  m_Enabled: 1
  m_EditorHideFlags: 0
  m_Script: {fileID: 11500000, guid: 76c392e42b5098c458856cdf6ecaaaa1, type: 3}
  m_Name: 
  m_EditorClassIdentifier: 
  m_FirstSelected: {fileID: 0}
  m_sendNavigationEvents: 1
  m_DragThreshold: 10
--- !u!4 &4055515
Transform:
  m_ObjectHideFlags: 0
  m_CorrespondingSourceObject: {fileID: 0}
  m_PrefabInstance: {fileID: 0}
  m_PrefabAsset: {fileID: 0}
  m_GameObject: {fileID: 4055512}
  m_LocalRotation: {x: 0, y: 0, z: 0, w: 1}
  m_LocalPosition: {x: 0, y: 0, z: 0}
  m_LocalScale: {x: 1, y: 1, z: 1}
  m_Children: []
  m_Father: {fileID: 0}
  m_RootOrder: 8
  m_LocalEulerAnglesHint: {x: 0, y: 0, z: 0}
--- !u!1001 &131303002
PrefabInstance:
  m_ObjectHideFlags: 0
  serializedVersion: 2
  m_Modification:
    m_TransformParent: {fileID: 0}
    m_Modifications:
    - target: {fileID: 6690738109923768802, guid: b474316f39ecfdc4a999440372082049,
        type: 3}
      propertyPath: m_LocalPosition.y
      value: 2
      objectReference: {fileID: 0}
    - target: {fileID: 6690738109923768802, guid: b474316f39ecfdc4a999440372082049,
        type: 3}
      propertyPath: m_LocalScale.y
      value: 4
      objectReference: {fileID: 0}
    - target: {fileID: 6690738110068684498, guid: b474316f39ecfdc4a999440372082049,
        type: 3}
      propertyPath: right
      value: 
      objectReference: {fileID: 505250344}
    - target: {fileID: 6690738110068684499, guid: b474316f39ecfdc4a999440372082049,
        type: 3}
      propertyPath: m_LocalPosition.x
      value: -17.2
      objectReference: {fileID: 0}
    - target: {fileID: 6690738110068684499, guid: b474316f39ecfdc4a999440372082049,
        type: 3}
      propertyPath: m_LocalPosition.y
      value: 0
      objectReference: {fileID: 0}
    - target: {fileID: 6690738110068684499, guid: b474316f39ecfdc4a999440372082049,
        type: 3}
      propertyPath: m_LocalPosition.z
      value: 0
      objectReference: {fileID: 0}
    - target: {fileID: 6690738110068684499, guid: b474316f39ecfdc4a999440372082049,
        type: 3}
      propertyPath: m_LocalRotation.x
      value: 0
      objectReference: {fileID: 0}
    - target: {fileID: 6690738110068684499, guid: b474316f39ecfdc4a999440372082049,
        type: 3}
      propertyPath: m_LocalRotation.y
      value: 0
      objectReference: {fileID: 0}
    - target: {fileID: 6690738110068684499, guid: b474316f39ecfdc4a999440372082049,
        type: 3}
      propertyPath: m_LocalRotation.z
      value: 0
      objectReference: {fileID: 0}
    - target: {fileID: 6690738110068684499, guid: b474316f39ecfdc4a999440372082049,
        type: 3}
      propertyPath: m_LocalRotation.w
      value: 1
      objectReference: {fileID: 0}
    - target: {fileID: 6690738110068684499, guid: b474316f39ecfdc4a999440372082049,
        type: 3}
      propertyPath: m_RootOrder
      value: 9
      objectReference: {fileID: 0}
    - target: {fileID: 6690738110068684499, guid: b474316f39ecfdc4a999440372082049,
        type: 3}
      propertyPath: m_LocalEulerAnglesHint.x
      value: 0
      objectReference: {fileID: 0}
    - target: {fileID: 6690738110068684499, guid: b474316f39ecfdc4a999440372082049,
        type: 3}
      propertyPath: m_LocalEulerAnglesHint.y
      value: 0
      objectReference: {fileID: 0}
    - target: {fileID: 6690738110068684499, guid: b474316f39ecfdc4a999440372082049,
        type: 3}
      propertyPath: m_LocalEulerAnglesHint.z
      value: 0
      objectReference: {fileID: 0}
    - target: {fileID: 6690738110068684499, guid: b474316f39ecfdc4a999440372082049,
        type: 3}
      propertyPath: m_LocalScale.y
      value: 4
      objectReference: {fileID: 0}
    - target: {fileID: 6690738110068684500, guid: b474316f39ecfdc4a999440372082049,
        type: 3}
      propertyPath: m_Name
      value: FloodGateLeftLeft
      objectReference: {fileID: 0}
    - target: {fileID: 6690738110425555125, guid: b474316f39ecfdc4a999440372082049,
        type: 3}
      propertyPath: m_LocalPosition.y
      value: 4.625
      objectReference: {fileID: 0}
    - target: {fileID: 6690738110425555125, guid: b474316f39ecfdc4a999440372082049,
        type: 3}
      propertyPath: m_LocalScale.y
      value: 0.25
      objectReference: {fileID: 0}
    m_RemovedComponents: []
  m_SourcePrefab: {fileID: 100100000, guid: b474316f39ecfdc4a999440372082049, type: 3}
--- !u!1 &131303003 stripped
GameObject:
  m_CorrespondingSourceObject: {fileID: 6690738110068684500, guid: b474316f39ecfdc4a999440372082049,
    type: 3}
  m_PrefabInstance: {fileID: 131303002}
  m_PrefabAsset: {fileID: 0}
--- !u!114 &131303004 stripped
MonoBehaviour:
  m_CorrespondingSourceObject: {fileID: 6690738110068684498, guid: b474316f39ecfdc4a999440372082049,
    type: 3}
  m_PrefabInstance: {fileID: 131303002}
  m_PrefabAsset: {fileID: 0}
  m_GameObject: {fileID: 131303003}
  m_Enabled: 1
  m_EditorHideFlags: 0
  m_Script: {fileID: 11500000, guid: f5a01220d049ceb4a836711cec63b65c, type: 3}
  m_Name: 
  m_EditorClassIdentifier: 
--- !u!1 &265868526
GameObject:
  m_ObjectHideFlags: 0
  m_CorrespondingSourceObject: {fileID: 0}
  m_PrefabInstance: {fileID: 0}
  m_PrefabAsset: {fileID: 0}
  serializedVersion: 6
  m_Component:
  - component: {fileID: 265868529}
  - component: {fileID: 265868528}
  - component: {fileID: 265868527}
  - component: {fileID: 265868530}
  - component: {fileID: 265868531}
  m_Layer: 0
  m_Name: New Sprite (3)
  m_TagString: Untagged
  m_Icon: {fileID: 0}
  m_NavMeshLayer: 0
  m_StaticEditorFlags: 0
  m_IsActive: 0
--- !u!60 &265868527
PolygonCollider2D:
  m_ObjectHideFlags: 0
  m_CorrespondingSourceObject: {fileID: 0}
  m_PrefabInstance: {fileID: 0}
  m_PrefabAsset: {fileID: 0}
  m_GameObject: {fileID: 265868526}
  m_Enabled: 1
  m_Density: 1
  m_Material: {fileID: 0}
  m_IsTrigger: 1
  m_UsedByEffector: 1
  m_UsedByComposite: 0
  m_Offset: {x: 0, y: 0}
  m_SpriteTilingProperty:
    border: {x: 0, y: 0, z: 0, w: 0}
    pivot: {x: 0.5, y: 0.5}
    oldSize: {x: 10.24, y: 5.12}
    newSize: {x: 0.16, y: 0.16}
    adaptiveTilingThreshold: 0.5
    drawMode: 0
    adaptiveTiling: 0
  m_AutoTiling: 0
  m_Points:
    m_Paths:
    - - {x: 5.06, y: 0.37}
      - {x: 4.74, y: 0.7}
      - {x: 4.67, y: 0.71999997}
      - {x: 4.5499997, y: 0.71999997}
      - {x: 4.25, y: 0.71}
      - {x: 4.11, y: 0.68}
      - {x: 4.0099998, y: 0.64}
      - {x: 3.78, y: 0.53}
      - {x: 3.59, y: 0.42999998}
      - {x: 3.52, y: 0.39}
      - {x: 3.35, y: 0.29999998}
      - {x: 3, y: 0.16}
      - {x: 2.76, y: 0.17}
      - {x: 2.6799998, y: 0.21}
      - {x: 2.47, y: 0.37}
      - {x: 2.27, y: 0.48999998}
      - {x: 2.1599998, y: 0.52}
      - {x: 1.9399999, y: 0.62}
      - {x: 1.64, y: 0.62}
      - {x: 1.54, y: 0.58}
      - {x: 1.17, y: 0.42999998}
      - {x: 0.7, y: 0.22}
      - {x: 0.48999998, y: 0.14}
      - {x: 0.42999998, y: 0.11}
      - {x: 0.29, y: 0.12}
      - {x: 0.099999994, y: 0.17999999}
      - {x: 0.08, y: 0.17999999}
      - {x: -0.26999998, y: 0.41}
      - {x: -0.42, y: 0.47}
      - {x: -0.74, y: 0.45999998}
      - {x: -0.95, y: 0.41}
      - {x: -1.03, y: 0.37}
      - {x: -1.15, y: 0.32}
      - {x: -1.35, y: 0.22999999}
      - {x: -1.56, y: 0.14}
      - {x: -1.87, y: 0.049999997}
      - {x: -1.87, y: 0.04}
      - {x: -2.1699998, y: 0.07}
      - {x: -2.32, y: 0.16}
      - {x: -2.59, y: 0.35999998}
      - {x: -2.6699998, y: 0.42}
      - {x: -2.81, y: 0.45999998}
      - {x: -3.11, y: 0.48}
      - {x: -3.21, y: 0.44}
      - {x: -3.34, y: 0.38}
      - {x: -3.51, y: 0.29999998}
      - {x: -3.61, y: 0.22999999}
      - {x: -3.78, y: 0.13}
      - {x: -3.9299998, y: 0.07}
      - {x: -4.23, y: 0.03}
      - {x: -4.48, y: 0.13}
      - {x: -4.83, y: 0.29}
      - {x: -4.97, y: 0.29999998}
      - {x: -5.12, y: 0.29999998}
      - {x: -5.12, y: -2.56}
      - {x: 5.12, y: -2.56}
      - {x: 5.12, y: 0.34}
--- !u!212 &265868528
SpriteRenderer:
  m_ObjectHideFlags: 0
  m_CorrespondingSourceObject: {fileID: 0}
  m_PrefabInstance: {fileID: 0}
  m_PrefabAsset: {fileID: 0}
  m_GameObject: {fileID: 265868526}
  m_Enabled: 1
  m_CastShadows: 0
  m_ReceiveShadows: 0
  m_DynamicOccludee: 1
  m_MotionVectors: 1
  m_LightProbeUsage: 1
  m_ReflectionProbeUsage: 1
  m_RayTracingMode: 0
  m_RenderingLayerMask: 1
  m_RendererPriority: 0
  m_Materials:
  - {fileID: 10754, guid: 0000000000000000f000000000000000, type: 0}
  m_StaticBatchInfo:
    firstSubMesh: 0
    subMeshCount: 0
  m_StaticBatchRoot: {fileID: 0}
  m_ProbeAnchor: {fileID: 0}
  m_LightProbeVolumeOverride: {fileID: 0}
  m_ScaleInLightmap: 1
  m_ReceiveGI: 1
  m_PreserveUVs: 0
  m_IgnoreNormalsForChartDetection: 0
  m_ImportantGI: 0
  m_StitchLightmapSeams: 1
  m_SelectedEditorRenderState: 0
  m_MinimumChartSize: 4
  m_AutoUVMaxDistance: 0.5
  m_AutoUVMaxAngle: 89
  m_LightmapParameters: {fileID: 0}
  m_SortingLayerID: 0
  m_SortingLayer: 0
  m_SortingOrder: 0
  m_Sprite: {fileID: 21300000, guid: ac7107674fbc66f468d1dcc68417ebe7, type: 3}
  m_Color: {r: 1, g: 1, b: 1, a: 1}
  m_FlipX: 0
  m_FlipY: 0
  m_DrawMode: 0
  m_Size: {x: 0.16, y: 0.16}
  m_AdaptiveModeThreshold: 0.5
  m_SpriteTileMode: 0
  m_WasSpriteAssigned: 1
  m_MaskInteraction: 0
  m_SpriteSortPoint: 0
--- !u!4 &265868529
Transform:
  m_ObjectHideFlags: 0
  m_CorrespondingSourceObject: {fileID: 0}
  m_PrefabInstance: {fileID: 0}
  m_PrefabAsset: {fileID: 0}
  m_GameObject: {fileID: 265868526}
  m_LocalRotation: {x: 0, y: 0, z: 0, w: 1}
  m_LocalPosition: {x: 0, y: 0, z: 0}
  m_LocalScale: {x: 1, y: 1, z: 1}
  m_Children: []
  m_Father: {fileID: 0}
  m_RootOrder: 3
  m_LocalEulerAnglesHint: {x: 0, y: 0, z: 0}
--- !u!114 &265868530
MonoBehaviour:
  m_ObjectHideFlags: 0
  m_CorrespondingSourceObject: {fileID: 0}
  m_PrefabInstance: {fileID: 0}
  m_PrefabAsset: {fileID: 0}
  m_GameObject: {fileID: 265868526}
  m_Enabled: 1
  m_EditorHideFlags: 0
  m_Script: {fileID: 11500000, guid: ef30fc4029d4c68429b354d3791abd06, type: 3}
  m_Name: 
  m_EditorClassIdentifier: 
--- !u!253 &265868531
BuoyancyEffector2D:
  m_ObjectHideFlags: 0
  m_CorrespondingSourceObject: {fileID: 0}
  m_PrefabInstance: {fileID: 0}
  m_PrefabAsset: {fileID: 0}
  m_GameObject: {fileID: 265868526}
  m_Enabled: 1
  m_UseColliderMask: 1
  m_ColliderMask:
    serializedVersion: 2
    m_Bits: 4294967295
  m_SurfaceLevel: 0.48
  m_Density: 0.5
  m_LinearDrag: 4
  m_AngularDrag: 4
  m_FlowAngle: 0
  m_FlowMagnitude: 0
  m_FlowVariation: 0
--- !u!1 &353135122
GameObject:
  m_ObjectHideFlags: 0
  m_CorrespondingSourceObject: {fileID: 0}
  m_PrefabInstance: {fileID: 0}
  m_PrefabAsset: {fileID: 0}
  serializedVersion: 6
  m_Component:
  - component: {fileID: 353135125}
  - component: {fileID: 353135124}
  - component: {fileID: 353135123}
  - component: {fileID: 353135126}
  - component: {fileID: 353135127}
  m_Layer: 0
  m_Name: New Sprite (4)
  m_TagString: Untagged
  m_Icon: {fileID: 0}
  m_NavMeshLayer: 0
  m_StaticEditorFlags: 0
  m_IsActive: 0
--- !u!60 &353135123
PolygonCollider2D:
  m_ObjectHideFlags: 0
  m_CorrespondingSourceObject: {fileID: 0}
  m_PrefabInstance: {fileID: 0}
  m_PrefabAsset: {fileID: 0}
  m_GameObject: {fileID: 353135122}
  m_Enabled: 1
  m_Density: 1
  m_Material: {fileID: 0}
  m_IsTrigger: 1
  m_UsedByEffector: 1
  m_UsedByComposite: 0
  m_Offset: {x: 0, y: 0}
  m_SpriteTilingProperty:
    border: {x: 0, y: 0, z: 0, w: 0}
    pivot: {x: 0.5, y: 0.5}
    oldSize: {x: 10.24, y: 5.12}
    newSize: {x: 0.16, y: 0.16}
    adaptiveTilingThreshold: 0.5
    drawMode: 0
    adaptiveTiling: 0
  m_AutoTiling: 0
  m_Points:
    m_Paths:
    - - {x: 4.8399997, y: 0.26999998}
      - {x: 4.65, y: 0.31}
      - {x: 4.49, y: 0.35}
      - {x: 4.38, y: 0.38}
      - {x: 4.1, y: 0.45}
      - {x: 3.99, y: 0.48}
      - {x: 3.9199998, y: 0.5}
      - {x: 3.8, y: 0.53}
      - {x: 3.6599998, y: 0.57}
      - {x: 3.55, y: 0.59999996}
      - {x: 3.31, y: 0.65999997}
      - {x: 2.8799999, y: 0.79999995}
      - {x: 2.8, y: 0.82}
      - {x: 2.75, y: 0.83}
      - {x: 2.44, y: 0.83}
      - {x: 2.34, y: 0.82}
      - {x: 2.28, y: 0.81}
      - {x: 2.08, y: 0.78}
      - {x: 1.9599999, y: 0.76}
      - {x: 1.77, y: 0.69}
      - {x: 1.64, y: 0.64}
      - {x: 1.53, y: 0.59999996}
      - {x: 1.3, y: 0.52}
      - {x: 1.25, y: 0.5}
      - {x: 1.18, y: 0.47}
      - {x: 1.03, y: 0.41}
      - {x: 0.96999997, y: 0.39}
      - {x: 0.83, y: 0.34}
      - {x: 0.7, y: 0.29999998}
      - {x: 0.51, y: 0.22999999}
      - {x: 0.31, y: 0.14}
      - {x: 0.14999999, y: 0.04}
      - {x: 0.13, y: 0.04}
      - {x: -0.03, y: -0.01}
      - {x: -0.19999999, y: -0.049999997}
      - {x: -0.32, y: -0.07}
      - {x: -0.42, y: -0.089999996}
      - {x: -0.53, y: -0.11}
      - {x: -0.53999996, y: -0.12}
      - {x: -0.76, y: -0.12}
      - {x: -0.77, y: -0.11}
      - {x: -0.93, y: -0.099999994}
      - {x: -1.13, y: -0.049999997}
      - {x: -1.3199999, y: 0.02}
      - {x: -1.39, y: 0.049999997}
      - {x: -1.55, y: 0.12}
      - {x: -1.65, y: 0.16}
      - {x: -1.7099999, y: 0.17999999}
      - {x: -1.9499999, y: 0.25}
      - {x: -2.06, y: 0.28}
      - {x: -2.28, y: 0.32999998}
      - {x: -2.44, y: 0.37}
      - {x: -2.58, y: 0.39999998}
      - {x: -2.78, y: 0.42999998}
      - {x: -2.86, y: 0.44}
      - {x: -3.25, y: 0.44}
      - {x: -3.31, y: 0.42999998}
      - {x: -3.4099998, y: 0.41}
      - {x: -3.48, y: 0.39999998}
      - {x: -3.59, y: 0.39}
      - {x: -3.6599998, y: 0.38}
      - {x: -3.85, y: 0.34}
      - {x: -3.9299998, y: 0.32}
      - {x: -4, y: 0.29999998}
      - {x: -4.16, y: 0.26999998}
      - {x: -4.3199997, y: 0.25}
      - {x: -4.64, y: 0.19999999}
      - {x: -4.7799997, y: 0.14999999}
      - {x: -4.94, y: 0.07}
      - {x: -4.99, y: 0.06}
      - {x: -5.12, y: 0.01}
      - {x: -5.12, y: -2.56}
      - {x: 5.12, y: -2.56}
      - {x: 5.12, y: 0.22999999}
      - {x: 5.0099998, y: 0.24}
--- !u!212 &353135124
SpriteRenderer:
  m_ObjectHideFlags: 0
  m_CorrespondingSourceObject: {fileID: 0}
  m_PrefabInstance: {fileID: 0}
  m_PrefabAsset: {fileID: 0}
  m_GameObject: {fileID: 353135122}
  m_Enabled: 1
  m_CastShadows: 0
  m_ReceiveShadows: 0
  m_DynamicOccludee: 1
  m_MotionVectors: 1
  m_LightProbeUsage: 1
  m_ReflectionProbeUsage: 1
  m_RayTracingMode: 0
  m_RenderingLayerMask: 1
  m_RendererPriority: 0
  m_Materials:
  - {fileID: 10754, guid: 0000000000000000f000000000000000, type: 0}
  m_StaticBatchInfo:
    firstSubMesh: 0
    subMeshCount: 0
  m_StaticBatchRoot: {fileID: 0}
  m_ProbeAnchor: {fileID: 0}
  m_LightProbeVolumeOverride: {fileID: 0}
  m_ScaleInLightmap: 1
  m_ReceiveGI: 1
  m_PreserveUVs: 0
  m_IgnoreNormalsForChartDetection: 0
  m_ImportantGI: 0
  m_StitchLightmapSeams: 1
  m_SelectedEditorRenderState: 0
  m_MinimumChartSize: 4
  m_AutoUVMaxDistance: 0.5
  m_AutoUVMaxAngle: 89
  m_LightmapParameters: {fileID: 0}
  m_SortingLayerID: 0
  m_SortingLayer: 0
  m_SortingOrder: 0
  m_Sprite: {fileID: 21300000, guid: b9e54d7839b09f3498a5ea518e01d40f, type: 3}
  m_Color: {r: 1, g: 1, b: 1, a: 1}
  m_FlipX: 0
  m_FlipY: 0
  m_DrawMode: 0
  m_Size: {x: 0.16, y: 0.16}
  m_AdaptiveModeThreshold: 0.5
  m_SpriteTileMode: 0
  m_WasSpriteAssigned: 1
  m_MaskInteraction: 0
  m_SpriteSortPoint: 0
--- !u!4 &353135125
Transform:
  m_ObjectHideFlags: 0
  m_CorrespondingSourceObject: {fileID: 0}
  m_PrefabInstance: {fileID: 0}
  m_PrefabAsset: {fileID: 0}
  m_GameObject: {fileID: 353135122}
  m_LocalRotation: {x: 0, y: 0, z: 0, w: 1}
  m_LocalPosition: {x: 0, y: 0, z: 0}
  m_LocalScale: {x: 1, y: 1, z: 1}
  m_Children: []
  m_Father: {fileID: 0}
  m_RootOrder: 4
  m_LocalEulerAnglesHint: {x: 0, y: 0, z: 0}
--- !u!114 &353135126
MonoBehaviour:
  m_ObjectHideFlags: 0
  m_CorrespondingSourceObject: {fileID: 0}
  m_PrefabInstance: {fileID: 0}
  m_PrefabAsset: {fileID: 0}
  m_GameObject: {fileID: 353135122}
  m_Enabled: 1
  m_EditorHideFlags: 0
  m_Script: {fileID: 11500000, guid: ef30fc4029d4c68429b354d3791abd06, type: 3}
  m_Name: 
  m_EditorClassIdentifier: 
--- !u!253 &353135127
BuoyancyEffector2D:
  m_ObjectHideFlags: 0
  m_CorrespondingSourceObject: {fileID: 0}
  m_PrefabInstance: {fileID: 0}
  m_PrefabAsset: {fileID: 0}
  m_GameObject: {fileID: 353135122}
  m_Enabled: 1
  m_UseColliderMask: 1
  m_ColliderMask:
    serializedVersion: 2
    m_Bits: 4294967295
  m_SurfaceLevel: 0.46
  m_Density: 0.5
  m_LinearDrag: 4
  m_AngularDrag: 4
  m_FlowAngle: 0
  m_FlowMagnitude: 0
  m_FlowVariation: 0
--- !u!1 &426517403
GameObject:
  m_ObjectHideFlags: 0
  m_CorrespondingSourceObject: {fileID: 0}
  m_PrefabInstance: {fileID: 0}
  m_PrefabAsset: {fileID: 0}
  serializedVersion: 6
  m_Component:
  - component: {fileID: 426517407}
  - component: {fileID: 426517406}
  - component: {fileID: 426517405}
  - component: {fileID: 426517404}
  m_Layer: 5
  m_Name: Button
  m_TagString: Untagged
  m_Icon: {fileID: 0}
  m_NavMeshLayer: 0
  m_StaticEditorFlags: 0
  m_IsActive: 1
--- !u!114 &426517404
MonoBehaviour:
  m_ObjectHideFlags: 0
  m_CorrespondingSourceObject: {fileID: 0}
  m_PrefabInstance: {fileID: 0}
  m_PrefabAsset: {fileID: 0}
  m_GameObject: {fileID: 426517403}
  m_Enabled: 1
  m_EditorHideFlags: 0
  m_Script: {fileID: 11500000, guid: 4e29b1a8efbd4b44bb3f3716e73f07ff, type: 3}
  m_Name: 
  m_EditorClassIdentifier: 
  m_Navigation:
    m_Mode: 3
    m_SelectOnUp: {fileID: 0}
    m_SelectOnDown: {fileID: 0}
    m_SelectOnLeft: {fileID: 0}
    m_SelectOnRight: {fileID: 0}
  m_Transition: 1
  m_Colors:
    m_NormalColor: {r: 1, g: 1, b: 1, a: 1}
    m_HighlightedColor: {r: 0.9607843, g: 0.9607843, b: 0.9607843, a: 1}
    m_PressedColor: {r: 0.78431374, g: 0.78431374, b: 0.78431374, a: 1}
    m_SelectedColor: {r: 0.9607843, g: 0.9607843, b: 0.9607843, a: 1}
    m_DisabledColor: {r: 0.78431374, g: 0.78431374, b: 0.78431374, a: 0.5019608}
    m_ColorMultiplier: 1
    m_FadeDuration: 0.1
  m_SpriteState:
    m_HighlightedSprite: {fileID: 0}
    m_PressedSprite: {fileID: 0}
    m_SelectedSprite: {fileID: 0}
    m_DisabledSprite: {fileID: 0}
  m_AnimationTriggers:
    m_NormalTrigger: Normal
    m_HighlightedTrigger: Highlighted
    m_PressedTrigger: Pressed
    m_SelectedTrigger: Selected
    m_DisabledTrigger: Disabled
  m_Interactable: 1
  m_TargetGraphic: {fileID: 426517405}
  m_OnClick:
    m_PersistentCalls:
      m_Calls:
      - m_Target: {fileID: 0}
        m_MethodName: 
        m_Mode: 1
        m_Arguments:
          m_ObjectArgument: {fileID: 0}
          m_ObjectArgumentAssemblyTypeName: 
          m_IntArgument: 0
          m_FloatArgument: 0
          m_StringArgument: 
          m_BoolArgument: 0
        m_CallState: 2
--- !u!114 &426517405
MonoBehaviour:
  m_ObjectHideFlags: 0
  m_CorrespondingSourceObject: {fileID: 0}
  m_PrefabInstance: {fileID: 0}
  m_PrefabAsset: {fileID: 0}
  m_GameObject: {fileID: 426517403}
  m_Enabled: 1
  m_EditorHideFlags: 0
  m_Script: {fileID: 11500000, guid: fe87c0e1cc204ed48ad3b37840f39efc, type: 3}
  m_Name: 
  m_EditorClassIdentifier: 
  m_Material: {fileID: 0}
  m_Color: {r: 1, g: 1, b: 1, a: 1}
  m_RaycastTarget: 1
  m_OnCullStateChanged:
    m_PersistentCalls:
      m_Calls: []
  m_Sprite: {fileID: 10905, guid: 0000000000000000f000000000000000, type: 0}
  m_Type: 1
  m_PreserveAspect: 0
  m_FillCenter: 1
  m_FillMethod: 4
  m_FillAmount: 1
  m_FillClockwise: 1
  m_FillOrigin: 0
  m_UseSpriteMesh: 0
  m_PixelsPerUnitMultiplier: 1
--- !u!222 &426517406
CanvasRenderer:
  m_ObjectHideFlags: 0
  m_CorrespondingSourceObject: {fileID: 0}
  m_PrefabInstance: {fileID: 0}
  m_PrefabAsset: {fileID: 0}
  m_GameObject: {fileID: 426517403}
  m_CullTransparentMesh: 0
--- !u!224 &426517407
RectTransform:
  m_ObjectHideFlags: 0
  m_CorrespondingSourceObject: {fileID: 0}
  m_PrefabInstance: {fileID: 0}
  m_PrefabAsset: {fileID: 0}
  m_GameObject: {fileID: 426517403}
  m_LocalRotation: {x: 0, y: 0, z: 0, w: 1}
  m_LocalPosition: {x: 0, y: 0, z: 0}
  m_LocalScale: {x: 1, y: 1, z: 1}
  m_Children:
  - {fileID: 947919837}
  m_Father: {fileID: 745663214}
  m_RootOrder: 1
  m_LocalEulerAnglesHint: {x: 0, y: 0, z: 0}
  m_AnchorMin: {x: 0.5, y: 0}
  m_AnchorMax: {x: 0.5, y: 0}
  m_AnchoredPosition: {x: 0, y: 20}
  m_SizeDelta: {x: 320, y: 60}
  m_Pivot: {x: 0.5, y: 0}
--- !u!1001 &505250343
PrefabInstance:
  m_ObjectHideFlags: 0
  serializedVersion: 2
  m_Modification:
    m_TransformParent: {fileID: 0}
    m_Modifications:
    - target: {fileID: 6690738109923768802, guid: b474316f39ecfdc4a999440372082049,
        type: 3}
      propertyPath: m_LocalPosition.y
      value: 1
      objectReference: {fileID: 0}
    - target: {fileID: 6690738109923768802, guid: b474316f39ecfdc4a999440372082049,
        type: 3}
      propertyPath: m_LocalScale.y
      value: 2
      objectReference: {fileID: 0}
    - target: {fileID: 6690738110068684498, guid: b474316f39ecfdc4a999440372082049,
        type: 3}
      propertyPath: left
      value: 
      objectReference: {fileID: 131303003}
    - target: {fileID: 6690738110068684498, guid: b474316f39ecfdc4a999440372082049,
        type: 3}
      propertyPath: right
      value: 
      objectReference: {fileID: 702959130}
    - target: {fileID: 6690738110068684499, guid: b474316f39ecfdc4a999440372082049,
        type: 3}
      propertyPath: m_LocalPosition.x
      value: -6
      objectReference: {fileID: 0}
    - target: {fileID: 6690738110068684499, guid: b474316f39ecfdc4a999440372082049,
        type: 3}
      propertyPath: m_LocalPosition.y
      value: 0
      objectReference: {fileID: 0}
    - target: {fileID: 6690738110068684499, guid: b474316f39ecfdc4a999440372082049,
        type: 3}
      propertyPath: m_LocalPosition.z
      value: 0
      objectReference: {fileID: 0}
    - target: {fileID: 6690738110068684499, guid: b474316f39ecfdc4a999440372082049,
        type: 3}
      propertyPath: m_LocalRotation.x
      value: 0
      objectReference: {fileID: 0}
    - target: {fileID: 6690738110068684499, guid: b474316f39ecfdc4a999440372082049,
        type: 3}
      propertyPath: m_LocalRotation.y
      value: 0
      objectReference: {fileID: 0}
    - target: {fileID: 6690738110068684499, guid: b474316f39ecfdc4a999440372082049,
        type: 3}
      propertyPath: m_LocalRotation.z
      value: 0
      objectReference: {fileID: 0}
    - target: {fileID: 6690738110068684499, guid: b474316f39ecfdc4a999440372082049,
        type: 3}
      propertyPath: m_LocalRotation.w
      value: 1
      objectReference: {fileID: 0}
    - target: {fileID: 6690738110068684499, guid: b474316f39ecfdc4a999440372082049,
        type: 3}
      propertyPath: m_RootOrder
      value: 10
      objectReference: {fileID: 0}
    - target: {fileID: 6690738110068684499, guid: b474316f39ecfdc4a999440372082049,
        type: 3}
      propertyPath: m_LocalEulerAnglesHint.x
      value: 0
      objectReference: {fileID: 0}
    - target: {fileID: 6690738110068684499, guid: b474316f39ecfdc4a999440372082049,
        type: 3}
      propertyPath: m_LocalEulerAnglesHint.y
      value: 0
      objectReference: {fileID: 0}
    - target: {fileID: 6690738110068684499, guid: b474316f39ecfdc4a999440372082049,
        type: 3}
      propertyPath: m_LocalEulerAnglesHint.z
      value: 0
      objectReference: {fileID: 0}
    - target: {fileID: 6690738110068684499, guid: b474316f39ecfdc4a999440372082049,
        type: 3}
      propertyPath: m_LocalScale.y
      value: 2
      objectReference: {fileID: 0}
    - target: {fileID: 6690738110068684500, guid: b474316f39ecfdc4a999440372082049,
        type: 3}
      propertyPath: m_Name
      value: FloodGateLeft
      objectReference: {fileID: 0}
    - target: {fileID: 6690738110425555125, guid: b474316f39ecfdc4a999440372082049,
        type: 3}
      propertyPath: m_LocalPosition.y
      value: 3.25
      objectReference: {fileID: 0}
    - target: {fileID: 6690738110425555125, guid: b474316f39ecfdc4a999440372082049,
        type: 3}
      propertyPath: m_LocalScale.y
      value: 0.5
      objectReference: {fileID: 0}
    - target: {fileID: 6690738110425555126, guid: b474316f39ecfdc4a999440372082049,
        type: 3}
      propertyPath: m_Materials.Array.data[0]
      value: 
      objectReference: {fileID: 2100000, guid: cf43f64b09ca2634490e052821ce82f0, type: 2}
    m_RemovedComponents: []
  m_SourcePrefab: {fileID: 100100000, guid: b474316f39ecfdc4a999440372082049, type: 3}
--- !u!1 &505250344 stripped
GameObject:
  m_CorrespondingSourceObject: {fileID: 6690738110068684500, guid: b474316f39ecfdc4a999440372082049,
    type: 3}
  m_PrefabInstance: {fileID: 505250343}
  m_PrefabAsset: {fileID: 0}
--- !u!114 &505250345 stripped
MonoBehaviour:
  m_CorrespondingSourceObject: {fileID: 6690738110068684498, guid: b474316f39ecfdc4a999440372082049,
    type: 3}
  m_PrefabInstance: {fileID: 505250343}
  m_PrefabAsset: {fileID: 0}
  m_GameObject: {fileID: 505250344}
  m_Enabled: 1
  m_EditorHideFlags: 0
  m_Script: {fileID: 11500000, guid: f5a01220d049ceb4a836711cec63b65c, type: 3}
  m_Name: 
  m_EditorClassIdentifier: 
--- !u!1 &577159119
GameObject:
  m_ObjectHideFlags: 0
  m_CorrespondingSourceObject: {fileID: 0}
  m_PrefabInstance: {fileID: 0}
  m_PrefabAsset: {fileID: 0}
  serializedVersion: 6
  m_Component:
  - component: {fileID: 577159122}
  - component: {fileID: 577159121}
  - component: {fileID: 577159120}
  - component: {fileID: 577159123}
  - component: {fileID: 577159124}
  m_Layer: 0
  m_Name: New Sprite (2)
  m_TagString: Untagged
  m_Icon: {fileID: 0}
  m_NavMeshLayer: 0
  m_StaticEditorFlags: 0
  m_IsActive: 0
--- !u!60 &577159120
PolygonCollider2D:
  m_ObjectHideFlags: 0
  m_CorrespondingSourceObject: {fileID: 0}
  m_PrefabInstance: {fileID: 0}
  m_PrefabAsset: {fileID: 0}
  m_GameObject: {fileID: 577159119}
  m_Enabled: 1
  m_Density: 1
  m_Material: {fileID: 0}
  m_IsTrigger: 1
  m_UsedByEffector: 1
  m_UsedByComposite: 0
  m_Offset: {x: 0, y: 0}
  m_SpriteTilingProperty:
    border: {x: 0, y: 0, z: 0, w: 0}
    pivot: {x: 0.5, y: 0.5}
    oldSize: {x: 10.24, y: 5.12}
    newSize: {x: 0.16, y: 0.16}
    adaptiveTilingThreshold: 0.5
    drawMode: 0
    adaptiveTiling: 0
  m_AutoTiling: 0
  m_Points:
    m_Paths:
    - - {x: 4.96, y: 0.53}
      - {x: 4.7599998, y: 0.52}
      - {x: 4.69, y: 0.47}
      - {x: 4.5699997, y: 0.45999998}
      - {x: 4.04, y: 0.39999998}
      - {x: 4.0299997, y: 0.39}
      - {x: 3.62, y: 0.39}
      - {x: 3.61, y: 0.39999998}
      - {x: 3.3899999, y: 0.41}
      - {x: 2.9299998, y: 0.47}
      - {x: 2.6499999, y: 0.52}
      - {x: 2.51, y: 0.56}
      - {x: 2.36, y: 0.61}
      - {x: 2.22, y: 0.68}
      - {x: 2.2, y: 0.66999996}
      - {x: 1.99, y: 0.78999996}
      - {x: 1.76, y: 0.91999996}
      - {x: 1.6899999, y: 0.94}
      - {x: 1.37, y: 0.94}
      - {x: 1.31, y: 0.93}
      - {x: 1.1, y: 0.89}
      - {x: 1.01, y: 0.85999995}
      - {x: 0.87, y: 0.81}
      - {x: 0.69, y: 0.74}
      - {x: -0.03, y: 0.48999998}
      - {x: -0.13, y: 0.45}
      - {x: -0.51, y: 0.32999998}
      - {x: -0.84999996, y: 0.22999999}
      - {x: -1.01, y: 0.19999999}
      - {x: -1.37, y: 0.19}
      - {x: -1.38, y: 0.19999999}
      - {x: -1.5699999, y: 0.24}
      - {x: -1.8, y: 0.31}
      - {x: -1.9799999, y: 0.35999998}
      - {x: -2.5, y: 0.56}
      - {x: -2.6799998, y: 0.64}
      - {x: -2.8799999, y: 0.66999996}
      - {x: -2.95, y: 0.68}
      - {x: -3.4299998, y: 0.68}
      - {x: -3.51, y: 0.66999996}
      - {x: -3.6, y: 0.65}
      - {x: -3.82, y: 0.58}
      - {x: -3.9199998, y: 0.51}
      - {x: -4.0899997, y: 0.35999998}
      - {x: -4.35, y: 0.17999999}
      - {x: -4.52, y: 0.089999996}
      - {x: -4.62, y: 0.06}
      - {x: -4.7, y: 0.01}
      - {x: -4.94, y: 0.01}
      - {x: -4.99, y: 0.049999997}
      - {x: -5.0899997, y: 0.12}
      - {x: -5.12, y: 0.13}
      - {x: -5.12, y: -2.56}
      - {x: 5.12, y: -2.56}
      - {x: 5.12, y: 0.39}
      - {x: 5.0299997, y: 0.48}
--- !u!212 &577159121
SpriteRenderer:
  m_ObjectHideFlags: 0
  m_CorrespondingSourceObject: {fileID: 0}
  m_PrefabInstance: {fileID: 0}
  m_PrefabAsset: {fileID: 0}
  m_GameObject: {fileID: 577159119}
  m_Enabled: 1
  m_CastShadows: 0
  m_ReceiveShadows: 0
  m_DynamicOccludee: 1
  m_MotionVectors: 1
  m_LightProbeUsage: 1
  m_ReflectionProbeUsage: 1
  m_RayTracingMode: 0
  m_RenderingLayerMask: 1
  m_RendererPriority: 0
  m_Materials:
  - {fileID: 10754, guid: 0000000000000000f000000000000000, type: 0}
  m_StaticBatchInfo:
    firstSubMesh: 0
    subMeshCount: 0
  m_StaticBatchRoot: {fileID: 0}
  m_ProbeAnchor: {fileID: 0}
  m_LightProbeVolumeOverride: {fileID: 0}
  m_ScaleInLightmap: 1
  m_ReceiveGI: 1
  m_PreserveUVs: 0
  m_IgnoreNormalsForChartDetection: 0
  m_ImportantGI: 0
  m_StitchLightmapSeams: 1
  m_SelectedEditorRenderState: 0
  m_MinimumChartSize: 4
  m_AutoUVMaxDistance: 0.5
  m_AutoUVMaxAngle: 89
  m_LightmapParameters: {fileID: 0}
  m_SortingLayerID: 0
  m_SortingLayer: 0
  m_SortingOrder: 0
  m_Sprite: {fileID: 21300000, guid: f88f2b4f9e2eb0d469d464f5e9b3ccf5, type: 3}
  m_Color: {r: 1, g: 1, b: 1, a: 1}
  m_FlipX: 0
  m_FlipY: 0
  m_DrawMode: 0
  m_Size: {x: 0.16, y: 0.16}
  m_AdaptiveModeThreshold: 0.5
  m_SpriteTileMode: 0
  m_WasSpriteAssigned: 1
  m_MaskInteraction: 0
  m_SpriteSortPoint: 0
--- !u!4 &577159122
Transform:
  m_ObjectHideFlags: 0
  m_CorrespondingSourceObject: {fileID: 0}
  m_PrefabInstance: {fileID: 0}
  m_PrefabAsset: {fileID: 0}
  m_GameObject: {fileID: 577159119}
  m_LocalRotation: {x: 0, y: 0, z: 0, w: 1}
  m_LocalPosition: {x: 0, y: 0, z: 0}
  m_LocalScale: {x: 1, y: 1, z: 1}
  m_Children: []
  m_Father: {fileID: 0}
  m_RootOrder: 2
  m_LocalEulerAnglesHint: {x: 0, y: 0, z: 0}
--- !u!114 &577159123
MonoBehaviour:
  m_ObjectHideFlags: 0
  m_CorrespondingSourceObject: {fileID: 0}
  m_PrefabInstance: {fileID: 0}
  m_PrefabAsset: {fileID: 0}
  m_GameObject: {fileID: 577159119}
  m_Enabled: 1
  m_EditorHideFlags: 0
  m_Script: {fileID: 11500000, guid: ef30fc4029d4c68429b354d3791abd06, type: 3}
  m_Name: 
  m_EditorClassIdentifier: 
--- !u!253 &577159124
BuoyancyEffector2D:
  m_ObjectHideFlags: 0
  m_CorrespondingSourceObject: {fileID: 0}
  m_PrefabInstance: {fileID: 0}
  m_PrefabAsset: {fileID: 0}
  m_GameObject: {fileID: 577159119}
  m_Enabled: 1
  m_UseColliderMask: 1
  m_ColliderMask:
    serializedVersion: 2
    m_Bits: 4294967295
  m_SurfaceLevel: 0.76
  m_Density: 0.5
  m_LinearDrag: 4
  m_AngularDrag: 4
  m_FlowAngle: 0
  m_FlowMagnitude: 0
  m_FlowVariation: 0
--- !u!1001 &702959129
PrefabInstance:
  m_ObjectHideFlags: 0
  serializedVersion: 2
  m_Modification:
    m_TransformParent: {fileID: 0}
    m_Modifications:
    - target: {fileID: 6690738109923768802, guid: b474316f39ecfdc4a999440372082049,
        type: 3}
      propertyPath: m_LocalPosition.y
      value: 0.75
      objectReference: {fileID: 0}
    - target: {fileID: 6690738109923768802, guid: b474316f39ecfdc4a999440372082049,
        type: 3}
      propertyPath: m_LocalScale.y
      value: 1.5
      objectReference: {fileID: 0}
    - target: {fileID: 6690738110068684498, guid: b474316f39ecfdc4a999440372082049,
        type: 3}
      propertyPath: left
      value: 
      objectReference: {fileID: 505250344}
    - target: {fileID: 6690738110068684498, guid: b474316f39ecfdc4a999440372082049,
        type: 3}
      propertyPath: right
      value: 
      objectReference: {fileID: 1283426163}
    - target: {fileID: 6690738110068684499, guid: b474316f39ecfdc4a999440372082049,
        type: 3}
      propertyPath: m_LocalPosition.x
      value: 5.21
      objectReference: {fileID: 0}
    - target: {fileID: 6690738110068684499, guid: b474316f39ecfdc4a999440372082049,
        type: 3}
      propertyPath: m_LocalPosition.y
      value: 0
      objectReference: {fileID: 0}
    - target: {fileID: 6690738110068684499, guid: b474316f39ecfdc4a999440372082049,
        type: 3}
      propertyPath: m_LocalPosition.z
      value: 0
      objectReference: {fileID: 0}
    - target: {fileID: 6690738110068684499, guid: b474316f39ecfdc4a999440372082049,
        type: 3}
      propertyPath: m_LocalRotation.x
      value: 0
      objectReference: {fileID: 0}
    - target: {fileID: 6690738110068684499, guid: b474316f39ecfdc4a999440372082049,
        type: 3}
      propertyPath: m_LocalRotation.y
      value: 0
      objectReference: {fileID: 0}
    - target: {fileID: 6690738110068684499, guid: b474316f39ecfdc4a999440372082049,
        type: 3}
      propertyPath: m_LocalRotation.z
      value: 0
      objectReference: {fileID: 0}
    - target: {fileID: 6690738110068684499, guid: b474316f39ecfdc4a999440372082049,
        type: 3}
      propertyPath: m_LocalRotation.w
      value: 1
      objectReference: {fileID: 0}
    - target: {fileID: 6690738110068684499, guid: b474316f39ecfdc4a999440372082049,
        type: 3}
      propertyPath: m_RootOrder
      value: 11
      objectReference: {fileID: 0}
    - target: {fileID: 6690738110068684499, guid: b474316f39ecfdc4a999440372082049,
        type: 3}
      propertyPath: m_LocalEulerAnglesHint.x
      value: 0
      objectReference: {fileID: 0}
    - target: {fileID: 6690738110068684499, guid: b474316f39ecfdc4a999440372082049,
        type: 3}
      propertyPath: m_LocalEulerAnglesHint.y
      value: 0
      objectReference: {fileID: 0}
    - target: {fileID: 6690738110068684499, guid: b474316f39ecfdc4a999440372082049,
        type: 3}
      propertyPath: m_LocalEulerAnglesHint.z
      value: 0
      objectReference: {fileID: 0}
    - target: {fileID: 6690738110068684499, guid: b474316f39ecfdc4a999440372082049,
        type: 3}
      propertyPath: m_LocalScale.y
      value: 1.5
      objectReference: {fileID: 0}
    - target: {fileID: 6690738110068684500, guid: b474316f39ecfdc4a999440372082049,
        type: 3}
      propertyPath: m_Name
      value: FloodGateMidLeft
      objectReference: {fileID: 0}
    - target: {fileID: 6690738110425555125, guid: b474316f39ecfdc4a999440372082049,
        type: 3}
      propertyPath: m_LocalPosition.y
      value: 3.1666667
      objectReference: {fileID: 0}
    - target: {fileID: 6690738110425555125, guid: b474316f39ecfdc4a999440372082049,
        type: 3}
      propertyPath: m_LocalScale.y
      value: 0.6666667
      objectReference: {fileID: 0}
    - target: {fileID: 6690738110425555126, guid: b474316f39ecfdc4a999440372082049,
        type: 3}
      propertyPath: m_Materials.Array.data[0]
      value: 
      objectReference: {fileID: 2100000, guid: cf43f64b09ca2634490e052821ce82f0, type: 2}
    m_RemovedComponents: []
  m_SourcePrefab: {fileID: 100100000, guid: b474316f39ecfdc4a999440372082049, type: 3}
--- !u!1 &702959130 stripped
GameObject:
  m_CorrespondingSourceObject: {fileID: 6690738110068684500, guid: b474316f39ecfdc4a999440372082049,
    type: 3}
  m_PrefabInstance: {fileID: 702959129}
  m_PrefabAsset: {fileID: 0}
--- !u!114 &702959131 stripped
MonoBehaviour:
  m_CorrespondingSourceObject: {fileID: 6690738110068684498, guid: b474316f39ecfdc4a999440372082049,
    type: 3}
  m_PrefabInstance: {fileID: 702959129}
  m_PrefabAsset: {fileID: 0}
  m_GameObject: {fileID: 702959130}
  m_Enabled: 1
  m_EditorHideFlags: 0
  m_Script: {fileID: 11500000, guid: f5a01220d049ceb4a836711cec63b65c, type: 3}
  m_Name: 
  m_EditorClassIdentifier: 
--- !u!84 &711570594
RenderTexture:
  m_ObjectHideFlags: 0
  m_CorrespondingSourceObject: {fileID: 0}
  m_PrefabInstance: {fileID: 0}
  m_PrefabAsset: {fileID: 0}
  m_Name: 
  m_ImageContentsHash:
    serializedVersion: 2
    Hash: 00000000000000000000000000000000
  m_ForcedFallbackFormat: 4
  m_DownscaleFallback: 0
  serializedVersion: 3
  m_Width: 1920
  m_Height: 1080
  m_AntiAliasing: 1
  m_MipCount: -1
  m_DepthFormat: 2
  m_ColorFormat: 8
  m_MipMap: 0
  m_GenerateMips: 1
  m_SRGB: 0
  m_UseDynamicScale: 0
  m_BindMS: 0
  m_EnableCompatibleFormat: 1
  m_TextureSettings:
    serializedVersion: 2
    m_FilterMode: 1
    m_Aniso: 1
    m_MipBias: 0
    m_WrapU: 1
    m_WrapV: 1
    m_WrapW: 1
  m_Dimension: 2
  m_VolumeDepth: 1
--- !u!1 &745663213
GameObject:
  m_ObjectHideFlags: 0
  m_CorrespondingSourceObject: {fileID: 0}
  m_PrefabInstance: {fileID: 0}
  m_PrefabAsset: {fileID: 0}
  serializedVersion: 6
  m_Component:
  - component: {fileID: 745663214}
  - component: {fileID: 745663216}
  - component: {fileID: 745663215}
  m_Layer: 5
  m_Name: Panel
  m_TagString: Untagged
  m_Icon: {fileID: 0}
  m_NavMeshLayer: 0
  m_StaticEditorFlags: 0
  m_IsActive: 1
--- !u!224 &745663214
RectTransform:
  m_ObjectHideFlags: 0
  m_CorrespondingSourceObject: {fileID: 0}
  m_PrefabInstance: {fileID: 0}
  m_PrefabAsset: {fileID: 0}
  m_GameObject: {fileID: 745663213}
  m_LocalRotation: {x: 0, y: 0, z: 0, w: 1}
  m_LocalPosition: {x: 0, y: 0, z: 0}
  m_LocalScale: {x: 1, y: 1, z: 1}
  m_Children:
  - {fileID: 1856806157}
  - {fileID: 426517407}
  m_Father: {fileID: 1281196035}
  m_RootOrder: 0
  m_LocalEulerAnglesHint: {x: 0, y: 0, z: 0}
  m_AnchorMin: {x: 0.5, y: 0.5}
  m_AnchorMax: {x: 0.5, y: 0.5}
  m_AnchoredPosition: {x: 0, y: 0}
  m_SizeDelta: {x: 600, y: 400}
  m_Pivot: {x: 0.5, y: 0.5}
--- !u!114 &745663215
MonoBehaviour:
  m_ObjectHideFlags: 0
  m_CorrespondingSourceObject: {fileID: 0}
  m_PrefabInstance: {fileID: 0}
  m_PrefabAsset: {fileID: 0}
  m_GameObject: {fileID: 745663213}
  m_Enabled: 1
  m_EditorHideFlags: 0
  m_Script: {fileID: 11500000, guid: fe87c0e1cc204ed48ad3b37840f39efc, type: 3}
  m_Name: 
  m_EditorClassIdentifier: 
  m_Material: {fileID: 0}
  m_Color: {r: 1, g: 1, b: 1, a: 0.392}
  m_RaycastTarget: 1
  m_OnCullStateChanged:
    m_PersistentCalls:
      m_Calls: []
  m_Sprite: {fileID: 10907, guid: 0000000000000000f000000000000000, type: 0}
  m_Type: 1
  m_PreserveAspect: 0
  m_FillCenter: 1
  m_FillMethod: 4
  m_FillAmount: 1
  m_FillClockwise: 1
  m_FillOrigin: 0
  m_UseSpriteMesh: 0
  m_PixelsPerUnitMultiplier: 1
--- !u!222 &745663216
CanvasRenderer:
  m_ObjectHideFlags: 0
  m_CorrespondingSourceObject: {fileID: 0}
  m_PrefabInstance: {fileID: 0}
  m_PrefabAsset: {fileID: 0}
  m_GameObject: {fileID: 745663213}
  m_CullTransparentMesh: 0
--- !u!1 &947919836
GameObject:
  m_ObjectHideFlags: 0
  m_CorrespondingSourceObject: {fileID: 0}
  m_PrefabInstance: {fileID: 0}
  m_PrefabAsset: {fileID: 0}
  serializedVersion: 6
  m_Component:
  - component: {fileID: 947919837}
  - component: {fileID: 947919839}
  - component: {fileID: 947919838}
  m_Layer: 5
  m_Name: Text
  m_TagString: Untagged
  m_Icon: {fileID: 0}
  m_NavMeshLayer: 0
  m_StaticEditorFlags: 0
  m_IsActive: 1
--- !u!224 &947919837
RectTransform:
  m_ObjectHideFlags: 0
  m_CorrespondingSourceObject: {fileID: 0}
  m_PrefabInstance: {fileID: 0}
  m_PrefabAsset: {fileID: 0}
  m_GameObject: {fileID: 947919836}
  m_LocalRotation: {x: -0, y: -0, z: -0, w: 1}
  m_LocalPosition: {x: 0, y: 0, z: 0}
  m_LocalScale: {x: 1, y: 1, z: 1}
  m_Children: []
  m_Father: {fileID: 426517407}
  m_RootOrder: 0
  m_LocalEulerAnglesHint: {x: 0, y: 0, z: 0}
  m_AnchorMin: {x: 0, y: 0}
  m_AnchorMax: {x: 1, y: 1}
  m_AnchoredPosition: {x: 0, y: 0}
  m_SizeDelta: {x: 0, y: 0}
  m_Pivot: {x: 0.5, y: 0.5}
--- !u!114 &947919838
MonoBehaviour:
  m_ObjectHideFlags: 0
  m_CorrespondingSourceObject: {fileID: 0}
  m_PrefabInstance: {fileID: 0}
  m_PrefabAsset: {fileID: 0}
  m_GameObject: {fileID: 947919836}
  m_Enabled: 1
  m_EditorHideFlags: 0
  m_Script: {fileID: 11500000, guid: 5f7201a12d95ffc409449d95f23cf332, type: 3}
  m_Name: 
  m_EditorClassIdentifier: 
  m_Material: {fileID: 0}
  m_Color: {r: 0.19607843, g: 0.19607843, b: 0.19607843, a: 1}
  m_RaycastTarget: 1
  m_OnCullStateChanged:
    m_PersistentCalls:
      m_Calls: []
  m_FontData:
    m_Font: {fileID: 12800000, guid: 7b7139f64f489a04b8987089a1487354, type: 3}
    m_FontSize: 40
    m_FontStyle: 0
    m_BestFit: 0
    m_MinSize: 4
    m_MaxSize: 40
    m_Alignment: 4
    m_AlignByGeometry: 0
    m_RichText: 1
    m_HorizontalOverflow: 0
    m_VerticalOverflow: 0
    m_LineSpacing: 1
  m_Text: Accept
--- !u!222 &947919839
CanvasRenderer:
  m_ObjectHideFlags: 0
  m_CorrespondingSourceObject: {fileID: 0}
  m_PrefabInstance: {fileID: 0}
  m_PrefabAsset: {fileID: 0}
  m_GameObject: {fileID: 947919836}
  m_CullTransparentMesh: 0
--- !u!1 &950531516
GameObject:
  m_ObjectHideFlags: 0
  m_CorrespondingSourceObject: {fileID: 0}
  m_PrefabInstance: {fileID: 0}
  m_PrefabAsset: {fileID: 0}
  serializedVersion: 6
  m_Component:
  - component: {fileID: 950531518}
  - component: {fileID: 950531517}
  m_Layer: 0
  m_Name: Bottom
  m_TagString: Untagged
  m_Icon: {fileID: 0}
  m_NavMeshLayer: 0
  m_StaticEditorFlags: 0
  m_IsActive: 1
--- !u!212 &950531517
SpriteRenderer:
  m_ObjectHideFlags: 0
  m_CorrespondingSourceObject: {fileID: 0}
  m_PrefabInstance: {fileID: 0}
  m_PrefabAsset: {fileID: 0}
  m_GameObject: {fileID: 950531516}
  m_Enabled: 1
  m_CastShadows: 0
  m_ReceiveShadows: 0
  m_DynamicOccludee: 1
  m_MotionVectors: 1
  m_LightProbeUsage: 1
  m_ReflectionProbeUsage: 1
  m_RayTracingMode: 0
  m_RenderingLayerMask: 1
  m_RendererPriority: 0
  m_Materials:
  - {fileID: 10754, guid: 0000000000000000f000000000000000, type: 0}
  m_StaticBatchInfo:
    firstSubMesh: 0
    subMeshCount: 0
  m_StaticBatchRoot: {fileID: 0}
  m_ProbeAnchor: {fileID: 0}
  m_LightProbeVolumeOverride: {fileID: 0}
  m_ScaleInLightmap: 1
  m_ReceiveGI: 1
  m_PreserveUVs: 0
  m_IgnoreNormalsForChartDetection: 0
  m_ImportantGI: 0
  m_StitchLightmapSeams: 1
  m_SelectedEditorRenderState: 0
  m_MinimumChartSize: 4
  m_AutoUVMaxDistance: 0.5
  m_AutoUVMaxAngle: 89
  m_LightmapParameters: {fileID: 0}
  m_SortingLayerID: 0
  m_SortingLayer: 0
  m_SortingOrder: 2
  m_Sprite: {fileID: 21300000, guid: cb8092503bade8243940b955343728f9, type: 3}
  m_Color: {r: 0.45098042, g: 0.7254902, b: 1, a: 1}
  m_FlipX: 0
  m_FlipY: 0
  m_DrawMode: 0
  m_Size: {x: 1, y: 1}
  m_AdaptiveModeThreshold: 0.5
  m_SpriteTileMode: 0
  m_WasSpriteAssigned: 1
  m_MaskInteraction: 0
  m_SpriteSortPoint: 0
--- !u!4 &950531518
Transform:
  m_ObjectHideFlags: 0
  m_CorrespondingSourceObject: {fileID: 0}
  m_PrefabInstance: {fileID: 0}
  m_PrefabAsset: {fileID: 0}
  m_GameObject: {fileID: 950531516}
  m_LocalRotation: {x: 0, y: 0, z: 0, w: 1}
  m_LocalPosition: {x: 10.2, y: -2, z: 0}
  m_LocalScale: {x: 100, y: 4, z: 1}
  m_Children: []
  m_Father: {fileID: 0}
  m_RootOrder: 5
  m_LocalEulerAnglesHint: {x: 0, y: 0, z: 0}
--- !u!1001 &1022853501
PrefabInstance:
  m_ObjectHideFlags: 0
  serializedVersion: 2
  m_Modification:
    m_TransformParent: {fileID: 0}
    m_Modifications:
    - target: {fileID: 6690738109923768802, guid: b474316f39ecfdc4a999440372082049,
        type: 3}
      propertyPath: m_LocalPosition.y
      value: 0.5
      objectReference: {fileID: 0}
    - target: {fileID: 6690738109923768802, guid: b474316f39ecfdc4a999440372082049,
        type: 3}
      propertyPath: m_LocalScale.y
      value: 1
      objectReference: {fileID: 0}
    - target: {fileID: 6690738110068684498, guid: b474316f39ecfdc4a999440372082049,
        type: 3}
      propertyPath: left
      value: 
      objectReference: {fileID: 1283426163}
    - target: {fileID: 6690738110068684498, guid: b474316f39ecfdc4a999440372082049,
        type: 3}
      propertyPath: right
      value: 
      objectReference: {fileID: 1594217982}
    - target: {fileID: 6690738110068684499, guid: b474316f39ecfdc4a999440372082049,
        type: 3}
      propertyPath: m_LocalPosition.x
      value: 27.5
      objectReference: {fileID: 0}
    - target: {fileID: 6690738110068684499, guid: b474316f39ecfdc4a999440372082049,
        type: 3}
      propertyPath: m_LocalPosition.y
      value: 0
      objectReference: {fileID: 0}
    - target: {fileID: 6690738110068684499, guid: b474316f39ecfdc4a999440372082049,
        type: 3}
      propertyPath: m_LocalPosition.z
      value: 0
      objectReference: {fileID: 0}
    - target: {fileID: 6690738110068684499, guid: b474316f39ecfdc4a999440372082049,
        type: 3}
      propertyPath: m_LocalRotation.x
      value: 0
      objectReference: {fileID: 0}
    - target: {fileID: 6690738110068684499, guid: b474316f39ecfdc4a999440372082049,
        type: 3}
      propertyPath: m_LocalRotation.y
      value: 0
      objectReference: {fileID: 0}
    - target: {fileID: 6690738110068684499, guid: b474316f39ecfdc4a999440372082049,
        type: 3}
      propertyPath: m_LocalRotation.z
      value: 0
      objectReference: {fileID: 0}
    - target: {fileID: 6690738110068684499, guid: b474316f39ecfdc4a999440372082049,
        type: 3}
      propertyPath: m_LocalRotation.w
      value: 1
      objectReference: {fileID: 0}
    - target: {fileID: 6690738110068684499, guid: b474316f39ecfdc4a999440372082049,
        type: 3}
      propertyPath: m_RootOrder
      value: 13
      objectReference: {fileID: 0}
    - target: {fileID: 6690738110068684499, guid: b474316f39ecfdc4a999440372082049,
        type: 3}
      propertyPath: m_LocalEulerAnglesHint.x
      value: 0
      objectReference: {fileID: 0}
    - target: {fileID: 6690738110068684499, guid: b474316f39ecfdc4a999440372082049,
        type: 3}
      propertyPath: m_LocalEulerAnglesHint.y
      value: 0
      objectReference: {fileID: 0}
    - target: {fileID: 6690738110068684499, guid: b474316f39ecfdc4a999440372082049,
        type: 3}
      propertyPath: m_LocalEulerAnglesHint.z
      value: 0
      objectReference: {fileID: 0}
    - target: {fileID: 6690738110068684499, guid: b474316f39ecfdc4a999440372082049,
        type: 3}
      propertyPath: m_LocalScale.y
      value: 1
      objectReference: {fileID: 0}
    - target: {fileID: 6690738110068684500, guid: b474316f39ecfdc4a999440372082049,
        type: 3}
      propertyPath: m_Name
      value: FloodGateRight
      objectReference: {fileID: 0}
    - target: {fileID: 6690738110425555125, guid: b474316f39ecfdc4a999440372082049,
        type: 3}
      propertyPath: m_LocalPosition.y
      value: 3.5
      objectReference: {fileID: 0}
    - target: {fileID: 6690738110425555125, guid: b474316f39ecfdc4a999440372082049,
        type: 3}
      propertyPath: m_LocalScale.y
      value: 1
      objectReference: {fileID: 0}
    - target: {fileID: 6690738110425555126, guid: b474316f39ecfdc4a999440372082049,
        type: 3}
      propertyPath: m_Materials.Array.data[0]
      value: 
      objectReference: {fileID: 2100000, guid: cf43f64b09ca2634490e052821ce82f0, type: 2}
    m_RemovedComponents: []
  m_SourcePrefab: {fileID: 100100000, guid: b474316f39ecfdc4a999440372082049, type: 3}
--- !u!1 &1281196031
GameObject:
  m_ObjectHideFlags: 0
  m_CorrespondingSourceObject: {fileID: 0}
  m_PrefabInstance: {fileID: 0}
  m_PrefabAsset: {fileID: 0}
  serializedVersion: 6
  m_Component:
  - component: {fileID: 1281196035}
  - component: {fileID: 1281196034}
  - component: {fileID: 1281196033}
  - component: {fileID: 1281196032}
  - component: {fileID: 1281196036}
  m_Layer: 5
  m_Name: Canvas
  m_TagString: Untagged
  m_Icon: {fileID: 0}
  m_NavMeshLayer: 0
  m_StaticEditorFlags: 0
  m_IsActive: 1
--- !u!114 &1281196032
MonoBehaviour:
  m_ObjectHideFlags: 0
  m_CorrespondingSourceObject: {fileID: 0}
  m_PrefabInstance: {fileID: 0}
  m_PrefabAsset: {fileID: 0}
  m_GameObject: {fileID: 1281196031}
  m_Enabled: 1
  m_EditorHideFlags: 0
  m_Script: {fileID: 11500000, guid: dc42784cf147c0c48a680349fa168899, type: 3}
  m_Name: 
  m_EditorClassIdentifier: 
  m_IgnoreReversedGraphics: 1
  m_BlockingObjects: 0
  m_BlockingMask:
    serializedVersion: 2
    m_Bits: 4294967295
--- !u!114 &1281196033
MonoBehaviour:
  m_ObjectHideFlags: 0
  m_CorrespondingSourceObject: {fileID: 0}
  m_PrefabInstance: {fileID: 0}
  m_PrefabAsset: {fileID: 0}
  m_GameObject: {fileID: 1281196031}
  m_Enabled: 1
  m_EditorHideFlags: 0
  m_Script: {fileID: 11500000, guid: 0cd44c1031e13a943bb63640046fad76, type: 3}
  m_Name: 
  m_EditorClassIdentifier: 
  m_UiScaleMode: 0
  m_ReferencePixelsPerUnit: 100
  m_ScaleFactor: 1
  m_ReferenceResolution: {x: 800, y: 600}
  m_ScreenMatchMode: 0
  m_MatchWidthOrHeight: 0
  m_PhysicalUnit: 3
  m_FallbackScreenDPI: 96
  m_DefaultSpriteDPI: 96
  m_DynamicPixelsPerUnit: 1
--- !u!223 &1281196034
Canvas:
  m_ObjectHideFlags: 0
  m_CorrespondingSourceObject: {fileID: 0}
  m_PrefabInstance: {fileID: 0}
  m_PrefabAsset: {fileID: 0}
  m_GameObject: {fileID: 1281196031}
  m_Enabled: 1
  serializedVersion: 3
  m_RenderMode: 0
  m_Camera: {fileID: 0}
  m_PlaneDistance: 100
  m_PixelPerfect: 0
  m_ReceivesEvents: 1
  m_OverrideSorting: 0
  m_OverridePixelPerfect: 0
  m_SortingBucketNormalizedSize: 0
  m_AdditionalShaderChannelsFlag: 0
  m_SortingLayerID: 0
  m_SortingOrder: 0
  m_TargetDisplay: 0
--- !u!224 &1281196035
RectTransform:
  m_ObjectHideFlags: 0
  m_CorrespondingSourceObject: {fileID: 0}
  m_PrefabInstance: {fileID: 0}
  m_PrefabAsset: {fileID: 0}
  m_GameObject: {fileID: 1281196031}
  m_LocalRotation: {x: 0, y: 0, z: 0, w: 1}
  m_LocalPosition: {x: 0, y: 0, z: 0}
  m_LocalScale: {x: 0, y: 0, z: 0}
  m_Children:
  - {fileID: 745663214}
  m_Father: {fileID: 0}
  m_RootOrder: 7
  m_LocalEulerAnglesHint: {x: 0, y: 0, z: 0}
  m_AnchorMin: {x: 0, y: 0}
  m_AnchorMax: {x: 0, y: 0}
  m_AnchoredPosition: {x: 0, y: 0}
  m_SizeDelta: {x: 0, y: 0}
  m_Pivot: {x: 0, y: 0}
--- !u!114 &1281196036
MonoBehaviour:
  m_ObjectHideFlags: 0
  m_CorrespondingSourceObject: {fileID: 0}
  m_PrefabInstance: {fileID: 0}
  m_PrefabAsset: {fileID: 0}
  m_GameObject: {fileID: 1281196031}
  m_Enabled: 1
  m_EditorHideFlags: 0
  m_Script: {fileID: 11500000, guid: 7164a109c6729e94d89da27082d26400, type: 3}
  m_Name: 
  m_EditorClassIdentifier: 
  panel: {fileID: 745663213}
  title: {fileID: 1856806158}
  accept: {fileID: 426517404}
  levelToLoad: 0
--- !u!1001 &1283426162
PrefabInstance:
  m_ObjectHideFlags: 0
  serializedVersion: 2
  m_Modification:
    m_TransformParent: {fileID: 0}
    m_Modifications:
    - target: {fileID: 6690738109923768802, guid: b474316f39ecfdc4a999440372082049,
        type: 3}
      propertyPath: m_LocalPosition.y
      value: 2
      objectReference: {fileID: 0}
    - target: {fileID: 6690738109923768802, guid: b474316f39ecfdc4a999440372082049,
        type: 3}
      propertyPath: m_LocalScale.y
      value: 4
      objectReference: {fileID: 0}
    - target: {fileID: 6690738110068684498, guid: b474316f39ecfdc4a999440372082049,
        type: 3}
      propertyPath: left
      value: 
      objectReference: {fileID: 702959130}
    - target: {fileID: 6690738110068684498, guid: b474316f39ecfdc4a999440372082049,
        type: 3}
      propertyPath: right
      value: 
      objectReference: {fileID: 1762421036}
    - target: {fileID: 6690738110068684499, guid: b474316f39ecfdc4a999440372082049,
        type: 3}
      propertyPath: m_LocalPosition.x
      value: 16.4
      objectReference: {fileID: 0}
    - target: {fileID: 6690738110068684499, guid: b474316f39ecfdc4a999440372082049,
        type: 3}
      propertyPath: m_LocalPosition.y
      value: 0
      objectReference: {fileID: 0}
    - target: {fileID: 6690738110068684499, guid: b474316f39ecfdc4a999440372082049,
        type: 3}
      propertyPath: m_LocalPosition.z
      value: 0
      objectReference: {fileID: 0}
    - target: {fileID: 6690738110068684499, guid: b474316f39ecfdc4a999440372082049,
        type: 3}
      propertyPath: m_LocalRotation.x
      value: 0
      objectReference: {fileID: 0}
    - target: {fileID: 6690738110068684499, guid: b474316f39ecfdc4a999440372082049,
        type: 3}
      propertyPath: m_LocalRotation.y
      value: 0
      objectReference: {fileID: 0}
    - target: {fileID: 6690738110068684499, guid: b474316f39ecfdc4a999440372082049,
        type: 3}
      propertyPath: m_LocalRotation.z
      value: 0
      objectReference: {fileID: 0}
    - target: {fileID: 6690738110068684499, guid: b474316f39ecfdc4a999440372082049,
        type: 3}
      propertyPath: m_LocalRotation.w
      value: 1
      objectReference: {fileID: 0}
    - target: {fileID: 6690738110068684499, guid: b474316f39ecfdc4a999440372082049,
        type: 3}
      propertyPath: m_RootOrder
      value: 12
      objectReference: {fileID: 0}
    - target: {fileID: 6690738110068684499, guid: b474316f39ecfdc4a999440372082049,
        type: 3}
      propertyPath: m_LocalEulerAnglesHint.x
      value: 0
      objectReference: {fileID: 0}
    - target: {fileID: 6690738110068684499, guid: b474316f39ecfdc4a999440372082049,
        type: 3}
      propertyPath: m_LocalEulerAnglesHint.y
      value: 0
      objectReference: {fileID: 0}
    - target: {fileID: 6690738110068684499, guid: b474316f39ecfdc4a999440372082049,
        type: 3}
      propertyPath: m_LocalEulerAnglesHint.z
      value: 0
      objectReference: {fileID: 0}
    - target: {fileID: 6690738110068684499, guid: b474316f39ecfdc4a999440372082049,
        type: 3}
      propertyPath: m_LocalScale.y
      value: 4
      objectReference: {fileID: 0}
    - target: {fileID: 6690738110068684500, guid: b474316f39ecfdc4a999440372082049,
        type: 3}
      propertyPath: m_Name
      value: FloodGateMIdRight
      objectReference: {fileID: 0}
    - target: {fileID: 6690738110425555125, guid: b474316f39ecfdc4a999440372082049,
        type: 3}
      propertyPath: m_LocalPosition.y
      value: 4.625
      objectReference: {fileID: 0}
    - target: {fileID: 6690738110425555125, guid: b474316f39ecfdc4a999440372082049,
        type: 3}
      propertyPath: m_LocalScale.y
      value: 0.25
      objectReference: {fileID: 0}
    - target: {fileID: 6690738110425555126, guid: b474316f39ecfdc4a999440372082049,
        type: 3}
      propertyPath: m_Materials.Array.data[0]
      value: 
      objectReference: {fileID: 2100000, guid: cf43f64b09ca2634490e052821ce82f0, type: 2}
    m_RemovedComponents: []
  m_SourcePrefab: {fileID: 100100000, guid: b474316f39ecfdc4a999440372082049, type: 3}
--- !u!1 &1283426163 stripped
GameObject:
  m_CorrespondingSourceObject: {fileID: 6690738110068684500, guid: b474316f39ecfdc4a999440372082049,
    type: 3}
  m_PrefabInstance: {fileID: 1283426162}
  m_PrefabAsset: {fileID: 0}
--- !u!114 &1283426164 stripped
MonoBehaviour:
  m_CorrespondingSourceObject: {fileID: 6690738110068684498, guid: b474316f39ecfdc4a999440372082049,
    type: 3}
  m_PrefabInstance: {fileID: 1283426162}
  m_PrefabAsset: {fileID: 0}
  m_GameObject: {fileID: 1283426163}
  m_Enabled: 1
  m_EditorHideFlags: 0
  m_Script: {fileID: 11500000, guid: f5a01220d049ceb4a836711cec63b65c, type: 3}
  m_Name: 
  m_EditorClassIdentifier: 
--- !u!1001 &1594217981
PrefabInstance:
  m_ObjectHideFlags: 0
  serializedVersion: 2
  m_Modification:
    m_TransformParent: {fileID: 0}
    m_Modifications:
    - target: {fileID: 6690738110068684498, guid: b474316f39ecfdc4a999440372082049,
        type: 3}
      propertyPath: left
      value: 
      objectReference: {fileID: 1762421036}
    - target: {fileID: 6690738110068684499, guid: b474316f39ecfdc4a999440372082049,
        type: 3}
      propertyPath: m_LocalPosition.x
      value: 38.3
      objectReference: {fileID: 0}
    - target: {fileID: 6690738110068684499, guid: b474316f39ecfdc4a999440372082049,
        type: 3}
      propertyPath: m_LocalPosition.y
      value: 0
      objectReference: {fileID: 0}
    - target: {fileID: 6690738110068684499, guid: b474316f39ecfdc4a999440372082049,
        type: 3}
      propertyPath: m_LocalPosition.z
      value: 0
      objectReference: {fileID: 0}
    - target: {fileID: 6690738110068684499, guid: b474316f39ecfdc4a999440372082049,
        type: 3}
      propertyPath: m_LocalRotation.x
      value: 0
      objectReference: {fileID: 0}
    - target: {fileID: 6690738110068684499, guid: b474316f39ecfdc4a999440372082049,
        type: 3}
      propertyPath: m_LocalRotation.y
      value: 0
      objectReference: {fileID: 0}
    - target: {fileID: 6690738110068684499, guid: b474316f39ecfdc4a999440372082049,
        type: 3}
      propertyPath: m_LocalRotation.z
      value: 0
      objectReference: {fileID: 0}
    - target: {fileID: 6690738110068684499, guid: b474316f39ecfdc4a999440372082049,
        type: 3}
      propertyPath: m_LocalRotation.w
      value: 1
      objectReference: {fileID: 0}
    - target: {fileID: 6690738110068684499, guid: b474316f39ecfdc4a999440372082049,
        type: 3}
      propertyPath: m_RootOrder
      value: 14
      objectReference: {fileID: 0}
    - target: {fileID: 6690738110068684499, guid: b474316f39ecfdc4a999440372082049,
        type: 3}
      propertyPath: m_LocalEulerAnglesHint.x
      value: 0
      objectReference: {fileID: 0}
    - target: {fileID: 6690738110068684499, guid: b474316f39ecfdc4a999440372082049,
        type: 3}
      propertyPath: m_LocalEulerAnglesHint.y
      value: 0
      objectReference: {fileID: 0}
    - target: {fileID: 6690738110068684499, guid: b474316f39ecfdc4a999440372082049,
        type: 3}
      propertyPath: m_LocalEulerAnglesHint.z
      value: 0
      objectReference: {fileID: 0}
    - target: {fileID: 6690738110068684500, guid: b474316f39ecfdc4a999440372082049,
        type: 3}
      propertyPath: m_Name
      value: FloodGateRightRight
      objectReference: {fileID: 0}
    - target: {fileID: 6690738110425555126, guid: b474316f39ecfdc4a999440372082049,
        type: 3}
      propertyPath: m_Materials.Array.data[0]
      value: 
      objectReference: {fileID: 2100000, guid: cf43f64b09ca2634490e052821ce82f0, type: 2}
    m_RemovedComponents: []
  m_SourcePrefab: {fileID: 100100000, guid: b474316f39ecfdc4a999440372082049, type: 3}
--- !u!1 &1594217982 stripped
GameObject:
  m_CorrespondingSourceObject: {fileID: 6690738110068684500, guid: b474316f39ecfdc4a999440372082049,
    type: 3}
  m_PrefabInstance: {fileID: 1594217981}
  m_PrefabAsset: {fileID: 0}
--- !u!114 &1594217983 stripped
MonoBehaviour:
  m_CorrespondingSourceObject: {fileID: 6690738110068684498, guid: b474316f39ecfdc4a999440372082049,
    type: 3}
  m_PrefabInstance: {fileID: 1594217981}
  m_PrefabAsset: {fileID: 0}
  m_GameObject: {fileID: 1594217982}
  m_Enabled: 1
  m_EditorHideFlags: 0
  m_Script: {fileID: 11500000, guid: f5a01220d049ceb4a836711cec63b65c, type: 3}
  m_Name: 
  m_EditorClassIdentifier: 
--- !u!1 &1762421036 stripped
GameObject:
  m_CorrespondingSourceObject: {fileID: 6690738110068684500, guid: b474316f39ecfdc4a999440372082049,
    type: 3}
  m_PrefabInstance: {fileID: 1022853501}
  m_PrefabAsset: {fileID: 0}
--- !u!114 &1762421037 stripped
MonoBehaviour:
  m_CorrespondingSourceObject: {fileID: 6690738110068684498, guid: b474316f39ecfdc4a999440372082049,
    type: 3}
  m_PrefabInstance: {fileID: 1022853501}
  m_PrefabAsset: {fileID: 0}
  m_GameObject: {fileID: 1762421036}
  m_Enabled: 1
  m_EditorHideFlags: 0
  m_Script: {fileID: 11500000, guid: f5a01220d049ceb4a836711cec63b65c, type: 3}
  m_Name: 
  m_EditorClassIdentifier: 
--- !u!1 &1856806156
GameObject:
  m_ObjectHideFlags: 0
  m_CorrespondingSourceObject: {fileID: 0}
  m_PrefabInstance: {fileID: 0}
  m_PrefabAsset: {fileID: 0}
  serializedVersion: 6
  m_Component:
  - component: {fileID: 1856806157}
  - component: {fileID: 1856806159}
  - component: {fileID: 1856806158}
  m_Layer: 5
  m_Name: Text
  m_TagString: Untagged
  m_Icon: {fileID: 0}
  m_NavMeshLayer: 0
  m_StaticEditorFlags: 0
  m_IsActive: 1
--- !u!224 &1856806157
RectTransform:
  m_ObjectHideFlags: 0
  m_CorrespondingSourceObject: {fileID: 0}
  m_PrefabInstance: {fileID: 0}
  m_PrefabAsset: {fileID: 0}
  m_GameObject: {fileID: 1856806156}
  m_LocalRotation: {x: 0, y: 0, z: 0, w: 1}
  m_LocalPosition: {x: 0, y: 0, z: 0}
  m_LocalScale: {x: 1, y: 1, z: 1}
  m_Children: []
  m_Father: {fileID: 745663214}
  m_RootOrder: 0
  m_LocalEulerAnglesHint: {x: 0, y: 0, z: 0}
  m_AnchorMin: {x: 0.5, y: 1}
  m_AnchorMax: {x: 0.5, y: 1}
  m_AnchoredPosition: {x: 0, y: -10}
  m_SizeDelta: {x: 160, y: 100}
  m_Pivot: {x: 0.5, y: 1}
--- !u!114 &1856806158
MonoBehaviour:
  m_ObjectHideFlags: 0
  m_CorrespondingSourceObject: {fileID: 0}
  m_PrefabInstance: {fileID: 0}
  m_PrefabAsset: {fileID: 0}
  m_GameObject: {fileID: 1856806156}
  m_Enabled: 1
  m_EditorHideFlags: 0
  m_Script: {fileID: 11500000, guid: 5f7201a12d95ffc409449d95f23cf332, type: 3}
  m_Name: 
  m_EditorClassIdentifier: 
  m_Material: {fileID: 0}
  m_Color: {r: 0.19607843, g: 0.19607843, b: 0.19607843, a: 1}
  m_RaycastTarget: 1
  m_OnCullStateChanged:
    m_PersistentCalls:
      m_Calls: []
  m_FontData:
    m_Font: {fileID: 12800000, guid: 7b7139f64f489a04b8987089a1487354, type: 3}
    m_FontSize: 33
    m_FontStyle: 0
    m_BestFit: 0
    m_MinSize: 10
    m_MaxSize: 40
    m_Alignment: 0
    m_AlignByGeometry: 0
    m_RichText: 1
    m_HorizontalOverflow: 0
    m_VerticalOverflow: 0
    m_LineSpacing: 1
  m_Text: New Text
--- !u!222 &1856806159
CanvasRenderer:
  m_ObjectHideFlags: 0
  m_CorrespondingSourceObject: {fileID: 0}
  m_PrefabInstance: {fileID: 0}
  m_PrefabAsset: {fileID: 0}
  m_GameObject: {fileID: 1856806156}
  m_CullTransparentMesh: 0
--- !u!84 &1922889616
RenderTexture:
  m_ObjectHideFlags: 0
  m_CorrespondingSourceObject: {fileID: 0}
  m_PrefabInstance: {fileID: 0}
  m_PrefabAsset: {fileID: 0}
  m_Name: 
  m_ImageContentsHash:
    serializedVersion: 2
    Hash: 00000000000000000000000000000000
  m_ForcedFallbackFormat: 4
  m_DownscaleFallback: 0
  serializedVersion: 3
  m_Width: 1920
  m_Height: 1080
  m_AntiAliasing: 1
  m_MipCount: -1
  m_DepthFormat: 2
  m_ColorFormat: 8
  m_MipMap: 0
  m_GenerateMips: 1
  m_SRGB: 0
  m_UseDynamicScale: 0
  m_BindMS: 0
  m_EnableCompatibleFormat: 1
  m_TextureSettings:
    serializedVersion: 2
    m_FilterMode: 1
    m_Aniso: 1
    m_MipBias: 0
    m_WrapU: 1
    m_WrapV: 1
    m_WrapW: 1
  m_Dimension: 2
  m_VolumeDepth: 1
--- !u!1001 &1553853353704215126
PrefabInstance:
  m_ObjectHideFlags: 0
  serializedVersion: 2
  m_Modification:
    m_TransformParent: {fileID: 0}
    m_Modifications:
    - target: {fileID: 1553853352052933044, guid: dd4be5ce3a7711b42b523f77978f11ef,
        type: 3}
      propertyPath: m_LocalPosition.x
      value: 44
      objectReference: {fileID: 0}
    - target: {fileID: 1553853352052933044, guid: dd4be5ce3a7711b42b523f77978f11ef,
        type: 3}
      propertyPath: m_LocalPosition.y
      value: 5.57
      objectReference: {fileID: 0}
    - target: {fileID: 1553853352052933044, guid: dd4be5ce3a7711b42b523f77978f11ef,
        type: 3}
      propertyPath: m_LocalPosition.z
      value: 0
      objectReference: {fileID: 0}
    - target: {fileID: 1553853352052933044, guid: dd4be5ce3a7711b42b523f77978f11ef,
        type: 3}
      propertyPath: m_LocalRotation.x
      value: -0
      objectReference: {fileID: 0}
    - target: {fileID: 1553853352052933044, guid: dd4be5ce3a7711b42b523f77978f11ef,
        type: 3}
      propertyPath: m_LocalRotation.y
      value: -0
      objectReference: {fileID: 0}
    - target: {fileID: 1553853352052933044, guid: dd4be5ce3a7711b42b523f77978f11ef,
        type: 3}
      propertyPath: m_LocalRotation.z
      value: -0
      objectReference: {fileID: 0}
    - target: {fileID: 1553853352052933044, guid: dd4be5ce3a7711b42b523f77978f11ef,
        type: 3}
      propertyPath: m_LocalRotation.w
      value: 1
      objectReference: {fileID: 0}
    - target: {fileID: 1553853352052933044, guid: dd4be5ce3a7711b42b523f77978f11ef,
        type: 3}
      propertyPath: m_RootOrder
      value: 6
      objectReference: {fileID: 0}
    - target: {fileID: 1553853352052933044, guid: dd4be5ce3a7711b42b523f77978f11ef,
        type: 3}
      propertyPath: m_LocalEulerAnglesHint.x
      value: 0
      objectReference: {fileID: 0}
    - target: {fileID: 1553853352052933044, guid: dd4be5ce3a7711b42b523f77978f11ef,
        type: 3}
      propertyPath: m_LocalEulerAnglesHint.y
      value: 0
      objectReference: {fileID: 0}
    - target: {fileID: 1553853352052933044, guid: dd4be5ce3a7711b42b523f77978f11ef,
        type: 3}
      propertyPath: m_LocalEulerAnglesHint.z
      value: 0
      objectReference: {fileID: 0}
    - target: {fileID: 1553853352052933046, guid: dd4be5ce3a7711b42b523f77978f11ef,
        type: 3}
      propertyPath: m_Name
      value: Goal
      objectReference: {fileID: 0}
    m_RemovedComponents: []
  m_SourcePrefab: {fileID: 100100000, guid: dd4be5ce3a7711b42b523f77978f11ef, type: 3}
--- !u!1001 &3577317410009516718
PrefabInstance:
  m_ObjectHideFlags: 0
  serializedVersion: 2
  m_Modification:
    m_TransformParent: {fileID: 0}
    m_Modifications:
    - target: {fileID: 3577317409509653204, guid: 33d39f87e3c2824409d0553c295d98f7,
        type: 3}
      propertyPath: orthographic size
      value: 15
      objectReference: {fileID: 0}
    - target: {fileID: 3577317411494943808, guid: 33d39f87e3c2824409d0553c295d98f7,
        type: 3}
      propertyPath: m_LocalPosition.x
      value: 0
      objectReference: {fileID: 0}
    - target: {fileID: 3577317411494943808, guid: 33d39f87e3c2824409d0553c295d98f7,
        type: 3}
      propertyPath: m_LocalPosition.y
      value: 8
      objectReference: {fileID: 0}
    - target: {fileID: 3577317411494943808, guid: 33d39f87e3c2824409d0553c295d98f7,
        type: 3}
      propertyPath: m_LocalPosition.z
      value: -10
      objectReference: {fileID: 0}
    - target: {fileID: 3577317411494943808, guid: 33d39f87e3c2824409d0553c295d98f7,
        type: 3}
      propertyPath: m_LocalRotation.x
      value: 0
      objectReference: {fileID: 0}
    - target: {fileID: 3577317411494943808, guid: 33d39f87e3c2824409d0553c295d98f7,
        type: 3}
      propertyPath: m_LocalRotation.y
      value: 0
      objectReference: {fileID: 0}
    - target: {fileID: 3577317411494943808, guid: 33d39f87e3c2824409d0553c295d98f7,
        type: 3}
      propertyPath: m_LocalRotation.z
      value: 0
      objectReference: {fileID: 0}
    - target: {fileID: 3577317411494943808, guid: 33d39f87e3c2824409d0553c295d98f7,
        type: 3}
      propertyPath: m_LocalRotation.w
      value: 1
      objectReference: {fileID: 0}
    - target: {fileID: 3577317411494943808, guid: 33d39f87e3c2824409d0553c295d98f7,
        type: 3}
      propertyPath: m_RootOrder
      value: 0
      objectReference: {fileID: 0}
    - target: {fileID: 3577317411494943808, guid: 33d39f87e3c2824409d0553c295d98f7,
        type: 3}
      propertyPath: m_LocalEulerAnglesHint.x
      value: 0
      objectReference: {fileID: 0}
    - target: {fileID: 3577317411494943808, guid: 33d39f87e3c2824409d0553c295d98f7,
        type: 3}
      propertyPath: m_LocalEulerAnglesHint.y
      value: 0
      objectReference: {fileID: 0}
    - target: {fileID: 3577317411494943808, guid: 33d39f87e3c2824409d0553c295d98f7,
        type: 3}
      propertyPath: m_LocalEulerAnglesHint.z
      value: 0
      objectReference: {fileID: 0}
    - target: {fileID: 3577317411494943809, guid: 33d39f87e3c2824409d0553c295d98f7,
        type: 3}
      propertyPath: all.Array.size
      value: 6
      objectReference: {fileID: 0}
    - target: {fileID: 3577317411494943809, guid: 33d39f87e3c2824409d0553c295d98f7,
        type: 3}
      propertyPath: currentSelection
      value: 
      objectReference: {fileID: 131303004}
    - target: {fileID: 3577317411494943809, guid: 33d39f87e3c2824409d0553c295d98f7,
        type: 3}
      propertyPath: all.Array.data[0]
      value: 
      objectReference: {fileID: 131303004}
    - target: {fileID: 3577317411494943809, guid: 33d39f87e3c2824409d0553c295d98f7,
        type: 3}
      propertyPath: all.Array.data[1]
      value: 
      objectReference: {fileID: 505250345}
    - target: {fileID: 3577317411494943809, guid: 33d39f87e3c2824409d0553c295d98f7,
        type: 3}
      propertyPath: all.Array.data[2]
      value: 
      objectReference: {fileID: 702959131}
    - target: {fileID: 3577317411494943809, guid: 33d39f87e3c2824409d0553c295d98f7,
        type: 3}
      propertyPath: all.Array.data[3]
      value: 
      objectReference: {fileID: 1283426164}
    - target: {fileID: 3577317411494943809, guid: 33d39f87e3c2824409d0553c295d98f7,
        type: 3}
      propertyPath: all.Array.data[4]
      value: 
      objectReference: {fileID: 1762421037}
    - target: {fileID: 3577317411494943809, guid: 33d39f87e3c2824409d0553c295d98f7,
        type: 3}
      propertyPath: all.Array.data[5]
      value: 
      objectReference: {fileID: 1594217983}
    - target: {fileID: 3577317411494943811, guid: 33d39f87e3c2824409d0553c295d98f7,
        type: 3}
      propertyPath: m_TargetTexture
      value: 
      objectReference: {fileID: 1922889616}
    - target: {fileID: 3577317411494943811, guid: 33d39f87e3c2824409d0553c295d98f7,
        type: 3}
      propertyPath: orthographic size
      value: 15
      objectReference: {fileID: 0}
    - target: {fileID: 3577317411494943811, guid: 33d39f87e3c2824409d0553c295d98f7,
        type: 3}
      propertyPath: m_ClearFlags
      value: 2
      objectReference: {fileID: 0}
    - target: {fileID: 3577317411494943813, guid: 33d39f87e3c2824409d0553c295d98f7,
        type: 3}
      propertyPath: m_Name
      value: Main Camera
      objectReference: {fileID: 0}
    m_RemovedComponents: []
  m_SourcePrefab: {fileID: 100100000, guid: 33d39f87e3c2824409d0553c295d98f7, type: 3}
--- !u!1 &3577317410009516719 stripped
GameObject:
  m_CorrespondingSourceObject: {fileID: 3577317411494943813, guid: 33d39f87e3c2824409d0553c295d98f7,
    type: 3}
  m_PrefabInstance: {fileID: 3577317410009516718}
  m_PrefabAsset: {fileID: 0}
--- !u!114 &3577317410009516720
MonoBehaviour:
  m_ObjectHideFlags: 0
  m_CorrespondingSourceObject: {fileID: 0}
  m_PrefabInstance: {fileID: 0}
  m_PrefabAsset: {fileID: 0}
  m_GameObject: {fileID: 3577317410009516719}
  m_Enabled: 1
  m_EditorHideFlags: 0
  m_Script: {fileID: 11500000, guid: 1cc90c1f25570d7499d279dcdf88c924, type: 3}
  m_Name: 
  m_EditorClassIdentifier: 
  target: {fileID: 3614428028659628345}
--- !u!1001 &3614428028659628344
PrefabInstance:
  m_ObjectHideFlags: 0
  serializedVersion: 2
  m_Modification:
    m_TransformParent: {fileID: 0}
    m_Modifications:
    - target: {fileID: 3614428027163052906, guid: 6bd9ee4dfe4c13142bbcbdbf7c4abc3b,
        type: 3}
      propertyPath: m_Name
      value: Boat
      objectReference: {fileID: 0}
    - target: {fileID: 3614428027163052906, guid: 6bd9ee4dfe4c13142bbcbdbf7c4abc3b,
        type: 3}
      propertyPath: m_TagString
      value: Player
      objectReference: {fileID: 0}
    - target: {fileID: 3614428027163052909, guid: 6bd9ee4dfe4c13142bbcbdbf7c4abc3b,
        type: 3}
      propertyPath: m_LocalPosition.x
      value: -20.41
      objectReference: {fileID: 0}
    - target: {fileID: 3614428027163052909, guid: 6bd9ee4dfe4c13142bbcbdbf7c4abc3b,
        type: 3}
      propertyPath: m_LocalPosition.y
      value: 20.1
      objectReference: {fileID: 0}
    - target: {fileID: 3614428027163052909, guid: 6bd9ee4dfe4c13142bbcbdbf7c4abc3b,
        type: 3}
      propertyPath: m_LocalPosition.z
      value: 0
      objectReference: {fileID: 0}
    - target: {fileID: 3614428027163052909, guid: 6bd9ee4dfe4c13142bbcbdbf7c4abc3b,
        type: 3}
      propertyPath: m_LocalRotation.x
      value: 0
      objectReference: {fileID: 0}
    - target: {fileID: 3614428027163052909, guid: 6bd9ee4dfe4c13142bbcbdbf7c4abc3b,
        type: 3}
      propertyPath: m_LocalRotation.y
      value: 0
      objectReference: {fileID: 0}
    - target: {fileID: 3614428027163052909, guid: 6bd9ee4dfe4c13142bbcbdbf7c4abc3b,
        type: 3}
      propertyPath: m_LocalRotation.z
      value: 0
      objectReference: {fileID: 0}
    - target: {fileID: 3614428027163052909, guid: 6bd9ee4dfe4c13142bbcbdbf7c4abc3b,
        type: 3}
      propertyPath: m_LocalRotation.w
      value: 1
      objectReference: {fileID: 0}
    - target: {fileID: 3614428027163052909, guid: 6bd9ee4dfe4c13142bbcbdbf7c4abc3b,
        type: 3}
      propertyPath: m_RootOrder
      value: 1
      objectReference: {fileID: 0}
    - target: {fileID: 3614428027163052909, guid: 6bd9ee4dfe4c13142bbcbdbf7c4abc3b,
        type: 3}
      propertyPath: m_LocalEulerAnglesHint.x
      value: 0
      objectReference: {fileID: 0}
    - target: {fileID: 3614428027163052909, guid: 6bd9ee4dfe4c13142bbcbdbf7c4abc3b,
        type: 3}
      propertyPath: m_LocalEulerAnglesHint.y
      value: 0
      objectReference: {fileID: 0}
    - target: {fileID: 3614428027163052909, guid: 6bd9ee4dfe4c13142bbcbdbf7c4abc3b,
        type: 3}
      propertyPath: m_LocalEulerAnglesHint.z
      value: 0
      objectReference: {fileID: 0}
    - target: {fileID: 3614428027163052910, guid: 6bd9ee4dfe4c13142bbcbdbf7c4abc3b,
        type: 3}
      propertyPath: m_Mass
      value: 0.3
      objectReference: {fileID: 0}
    - target: {fileID: 3614428027163052911, guid: 6bd9ee4dfe4c13142bbcbdbf7c4abc3b,
        type: 3}
      propertyPath: motorOn
      value: event:/MotorStart
      objectReference: {fileID: 0}
    - target: {fileID: 3614428027163052911, guid: 6bd9ee4dfe4c13142bbcbdbf7c4abc3b,
        type: 3}
      propertyPath: motorOff
      value: event:/MotorEnd
      objectReference: {fileID: 0}
    - target: {fileID: 3614428027163052911, guid: 6bd9ee4dfe4c13142bbcbdbf7c4abc3b,
        type: 3}
      propertyPath: motorRunning
      value: event:/MotorLoop
      objectReference: {fileID: 0}
    - target: {fileID: 3614428027163052911, guid: 6bd9ee4dfe4c13142bbcbdbf7c4abc3b,
        type: 3}
      propertyPath: water
      value: event:/Boat Water
      objectReference: {fileID: 0}
    - target: {fileID: 3614428027163052911, guid: 6bd9ee4dfe4c13142bbcbdbf7c4abc3b,
        type: 3}
      propertyPath: splash
      value: event:/Splash
      objectReference: {fileID: 0}
    - target: {fileID: 3614428027163052911, guid: 6bd9ee4dfe4c13142bbcbdbf7c4abc3b,
        type: 3}
      propertyPath: crash
      value: event:/Crash
      objectReference: {fileID: 0}
    m_RemovedComponents: []
  m_SourcePrefab: {fileID: 100100000, guid: 6bd9ee4dfe4c13142bbcbdbf7c4abc3b, type: 3}
--- !u!4 &3614428028659628345 stripped
Transform:
  m_CorrespondingSourceObject: {fileID: 3614428027163052909, guid: 6bd9ee4dfe4c13142bbcbdbf7c4abc3b,
    type: 3}
  m_PrefabInstance: {fileID: 3614428028659628344}
  m_PrefabAsset: {fileID: 0}
